2580 4470
176 203 237 257 XX*

178 318 315 400 rubigine
338 332 390 380 aut
412 315 583 411 ustilagine,
602 314 723 396 organis
741 309 878 378 uberioii
899 305 1058 380 succorum
1076 311 1191 383 afflux'u
1208 322 1268 381 am-

179 419 286 501 pliatis.
300 418 358 480 Sed
369 439 414 483 eae
433 419 592 492 varietates,
605 416 635 477 in
651 413 734 478 novd
746 415 886 478 seminum
896 420 1112 498 germinatione
1123 420 1179 483 fibi
1190 429 1269 484 cotn-

178 520 289 596 miffae,
304 521 341 582 ad
359 517 581 602 primordialem
593 517 728 579 resiituto
744 517 892 580 camerere
906 519 1031 582 redeunt
1044 522 1195 603 speciem,
1213 528 1267 587 cae·

137 638 140 645 ·
176 622 250 684 tetis
265 640 328 683 non
344 617 528 689 obstantibus
537 617 630 680 caufis
641 613 673 678 &
683 615 801 680 servatd
810 617 876 699 lege
890 619 1025 681 naturali.
1041 610 1158 683 Nativa
1172 632 1273 687 autern.

174 721 454 813 species,accuratd
465 719 639 783 definitione
650 719 734 781 certo
750 717 992 801 circumscripta,
1009 740 1121 784 verum
1130 722 1187 784 liat
1200 723 1268 785 sun·-

174 823 345 884 damentum
363 822 495 885 scientia
523 821 672 883 botanicae
694 839 762 901 quae
786 819 816 880 in
843 820 872 880 id
895 821 1014 902 penitus
1038 825 1215 903 incumbit,
1236 840 1264 887 ut
1289 853 1290 880 t

173 922 280 987 omne’s
298 923 392 1005 plane
410 921 562 1004 dignoscat
582 921 715 1003 species,
737 920 938 982 universalem
962 942 1064 985 earum
1092 924 1262 989 caracterem
1288 948 1290 1032 Ι

172 1022 310 1105 apprime
329 1023 454 1099 calleat,
475 1040 527 1085 eas
547 1021 678 1083 invicem
695 1018 832 1082 conferat
850 1020 953 1083 affines
970 1024 1152 1091 connediens
1168 1027 1201 1088 δι
1213 1017 1290 1087 dis·
1285 1045 1290 1141 Ι

172 1139 329 1205 crepantes
349 1122 524 1205 segregans,
545 1122 577 1184 δι
595 1141 633 1186 er
652 1122 772 1204 speciali
792 1123 966 1202 cognitione
986 1143 1021 1185 ac
1037 1106 1206 1187 collatione
1222 1144 1261 1209 ge.
1283 1123 1290 1237 Ι

170 1225 264 1287 nertii
298 1226 446 1307 integram
476 1227 611 1289 omnium
649 1240 765 1287 naturae
791 1239 880 1306 atque
906 1226 1098 1290 cohaerentia
1129 1227 1259 1291 notitiau

173 1324 383 1408 consequatur
830 1374 833 1380 .
1021 1344 1032 1351 ·

49 1463 150 1512 gem,
191 1424 252 1488 Ea
270 1425 435 1508 specierum
458 1427 586 1510 perfedba
603 1428 706 1510 nequit
721 1428 888 1508 comparati
902 1429 1038 1511 cognitio
1054 1430 1111 1492 nist
1127 1429 1269 1510 juvandas

173 1529 330 1591 memoriae
358 1530 460 1592 causi·
474 1531 506 1592 in
531 1528 688 1591 fasciculos
710 1528 842 1610 primum
864 1531 1128 1610 conglomerentur
1152 1532 1264 1593 ration-

168 1629 342 1704 affinitatis‚
362 1631 395 1692 dr
410 1630 566 1712 posthac
558 1647 589 1690 tn
609 1628 704 1690 fasces
725 1648 762 1690 ex
780 1629 890 1708 junsiis
909 1629 1057 1693 fasciculis
1078 1626 1259 1714 compositis

168 1731 373 1814 simpliciores
391 1731 526 1794 fasciculi
541 1750 637 1813 genera
652 1730 722 1792 dieti
740 1731 977 1812 compleiiuntur
988 1732 1147 1793 nonnullas
1159 1730 1262 1817 specie,
1288 1732 1290 1766 ¹

169 1824 308 1915 plurimis
333 1816 555 1896 consentientes
575 1833 688 1913 fignis,
710 1834 812 1913 paucis
837 1833 1052 1915 discrepantes,
1073 1834 1107 1894 δι
1125 1833 1199 1895 ideo
1210 1851 1261 1895 ce·

170 1931 282 2003 tallere
301 1952 363 1993 non
379 1931 544 1993 universali
562 1931 609 1993 sed
627 1931 743 1993 tantum
756 1933 885 2012 generali
897 1933 1079 1995 conformes
1090 1933 1209 1994 Harum
1220 1948 1263 2014 ge·

170 2032 273 2094 nerica
294 2031 478 2094 consociatio
495 2045 610 2092 certum
630 2031 725 2112 exigit
748 2032 823 2092 inter
841 2032 1000 2113 specificos
1023 2034 1191 2096 caracteres.
1206 2032 1261 2095 de·

170 2130 295 2203 lesium,
319 2151 384 2193 non
408 2132 600 2194 arbitrarium
621 2130 671 2193 sed
692 2129 794 2192 solidis
818 2133 952 2195 innixum
971 2135 1144 2216 principiis,
1164 2134 1259 2212 itaut

171 2251 264 2313 genus
281 2231 437 2316 quodlibet
455 2233 568 2316 species
589 2250 694 2295 omnes
708 2232 783 2295 vere
800 2252 980 2315 congeneres
998 2228 1126 2311 habeat,
1142 2234 1259 2318 dispari·

178 2333 235 2396 hus
253 2353 404 2416 nunquam
422 2333 615 2401 intermixtis.
678 2396 683 2403 ,
1289 2321 1290 2332 ’

209 2434 299 2497 Nulla
314 2434 395 2498 fuere
409 2433 538 2517 priscis
531 2454 560 2494 tn
580 2437 768 2518 temporibus
777 2437 924 2516 genericae
939 2436 1028 2517 hujus
1039 2410 1260 2501 constitutionis
1287 2467 1290 2568 Ι

151 2536 343 2620 principia,
368 2535 399 2597 δι
427 2536 574 2599 indicante
606 2539 720 2600 tantitm'
749 2539 853 2599 habitu
884 2538 1027 2599 subfimili
1050 2539 1290 2629 inexplorato,
1286 2572 1290 2670 Ι

170 2638 279 2723 plantae
301 2637 356 2700 sub
379 2637 486 2701 eodem
509 2638 631 2700 nomine
657 2639 733 2718 vage
756 2639 941 2701 militabant.
939 2640 1073 2702 Veteres
1095 2641 1180 2703 enim
1199 2641 1290 2723 plc-

82 2816 88 2829 Ι
172 2730 280 2821 rique,
302 2739 344 2800 de
357 2758 388 2800 re
410 2737 526 2800 medici
545 2758 607 2799 non
627 2739 663 2818 de
688 2739 829 2800 botanical
846 2738 992 2810 solliciti,
1011 2740 1181 2820 plantarum
1200 2740 1263 2803 vit·

142 2878 144 2886 1
175 2855 271 2903 tutem
298 2860 360 2904 non
382 2840 559 2902 caracierem
585 2839 751 2913 exitibusre
770 2840 810 2900 in¹
826 2840 966 2920 operibus
990 2839 1104 2923 pluries
1123 2837 1262 2924 appareti

168 2941 372 3024 interpretatis
383 2961 514 3023 quorum
530 2959 654 3020 magna,
668 2940 718 3004 sed
735 2941 773 3001 ab
794 2939 943 3009 hodierno
968 2940 1063 3002 aliena
1084 2942 1260 3025 proposito,
1276 2966 1289 2975 ··

164 3043 280 3103 metita
295 3042 344 3104 hic
361 3042 516 3113 recensere
535 3044 786 3124 supervacaneum
804 3042 865 3115 est,
882 3062 949 3103 cum
974 3043 1036 3129 viri
1055 3043 1177 3106 aliunde
1197 3048 1260 3115 eru·

169 3141 300 3203 ditiffimi
308 3140 440 3203 scientiae
449 3161 528 3204 nunc
536 3142 720 3204 elucidandae
730 3141 899 3204 nullatenus
907 3158 957 3204 aut
968 3143 1073 3224 pariun
1085 3143 1259 3225 profuerint.

170 3243 238 3328 Qui
257 3259 356 3305 tamen
375 3239 429 3321 eos
452 3241 638 3322 singulariter
659 3242 776 3305 novisse
796 3243 880 3305 ardet
898 3289 907 3318 ‚
928 3244 998 3305 huic
1021 3244 1203 3308 consulenda
1223 3238 1261 3306 ess

169 3345 285 3426 optima
300 3341 510 3405 Tournefortii
529 3343 651 3423 Isagoge
666 3344 799 3405 Autotes
817 3343 963 3423 figillatim
974 3363 1151 3408 enumerans
1165 3345 1198 3405 δι
1214 3344 1265 3407 dc·

172 3446 265 3507 bitam
275 3444 436 3526 unicuique
444 3444 539 3505 laudis
550 3461 664 3525 partem
676 3446 821 3507 tribuens.
832 3446 952 3505 Horum
962 3429 1141 3509 successores
1153 3445 1274 3515 ibidem-

89 3542 92 3547 ’
172 3547 330 3609 memorari
346 3546 579 3608 constantiorem
599 3547 629 3607 in
649 3546 848 3609 describendis
864 3547 972 3626 plantis
991 3547 1100 3611 dedere
1118 3554 1269 3628 operam,

172 3647 222 3707 sed
241 3648 457 3729 principiorum
475 3645 591 3708 defertu
608 3648 640 3708 δι
656 3647 766 3728 ignotis
782 3647 955 3728 quibusdam
972 3650 1135 3729 praecipuis
1146 3646 1276 3730 organis

103 3731 107 3738 ¹
172 3764 290 3810 mancas
308 3748 416 3831 saepiirs
436 3746 652 3830 descriptiones
672 3751 705 3810 δι
726 3768 833 3830 pravas
853 3749 969 3829 semper
984 3750 1211 3826 distributiones
1224 3760 1279 3815 οε

171 3844 249 3908 locis
271 3864 321 3909 aut
347 3848 539 3930 qualitatibus
564 3838 625 3911 aut'
643 3848 787 3911 siruilurd
812 3855 864 3911 au't
892 3849 995 3912 habitu
1020 3850 1098 3912 male
1120 3862 1281 3932 percepto.

171 3943 273 4011 dubias
284 3947 485 4030 tradiderunt,
495 3949 563 4035 utili
578 3963 678 4023 tamen
698 3949 863 4033 specierum
875 3951 1065 4032 cognitarum
1079 3949 1288 4014 indicatione
