2580 4470
1048 101 1157 175 xxxix

11 277 21 291 ·
78 249 214 332 proprios.
236 249 356 315 Omnes
383 250 476 333 igitur
499 249 589 332 liujus
608 249 774 313 anderes
796 264 860 310 non
885 244 952 327 jure
973 244 1158 328 praticiaidi

8 352 36 395 ’ἒ
71 348 130 415 lunt
142 355 263 417 caeteris
276 355 362 416 extri
373 352 610 436 prodeuntibus:
622 352 769 414 foliorum
784 349 866 413 enini
882 347 955 410 situs
971 366 1049 409 nunc
1059 348 1158 411 vincit

63 450 91 515 in
116 453 204 517 llosd
221 454 354 518 formam
377 452 499 532 calicis,
522 454 653 518 nuncin
676 451 838 516 Valeriani
861 449 977 532 ipsimet
1001 448 1156 512 staminum

8 538 22 549 ’
60 572 194 617 numero
213 557 339 640 praeliat.
358 566 403 634 4⁰.
420 556 569 621 Praeterea
585 575 655 619 curn
672 554 837 618 caraiieres
853 553 1016 615 habeantur
1032 551 1083 612 alii
1098 551 1158 634 ple·

8 664 15 693 “·
58 674 196 738 cunique
212 658 394 731 mutabiles,
412 660 466 723 alii
484 659 655 722 alternatim
671 658 790 721 stabiles
807 671 859 719 aut
875 654 977 729 varii,
995 654 1048 716 alii
1068 653 1159 716 stabi·

61 756 172 835 liores,
189 758 402 835 direrseideb
421 762 582 824 ordinandi
603 761 672 823 sunt
687 760 806 822 ratione
823 756 996 820 constantia
1009 756 1042 817 δι
1058 754 1091 817 in
1108 774 1158 817 re-

60 860 198 925 ceafione
224 883 288 925 non
318 863 494 927 numerandi
523 863 574 927 sed
600 861 814 946 ponderandi,
839 860 882 922 ita
903 873 937 921 ut
960 858 1031 921 suus
1047 858 1157 941 cuique

56 962 260 1028 condituatur
275 966 386 1050 gradus
410 967 444 1031 δι
459 988 532 1028 unus
548 968 670 1049 conflatis
682 965 808 1047 pluribus
822 961 1032 1045 inconstantibus
1050 980 1158 1042 compar

52 1082 101 1125 aa
115 1067 147 1129 6·
154 1067 288 1150 [verior
299 1070 409 1133 nodat.

86 1164 245 1230 Placitum
257 1167 354 1241 illud,
373 1168 589 1234 observatione
604 1156 814 1232 confirmatum
833 1165 866 1228 δι
884 1165 963 1229 inter
980 1165 1060 1246 leges
1077 1164 1153 1227 vere

50 1268 207 1331 murales
226 1270 456 1353 reponendum,
476 1272 573 1354 priori
563 1272 707 1334 additur
728 1271 785 1352 legi
805 1267 866 1353 qui
888 1268 1069 1349 conficienda
1087 1266 1157 1348 sunt
1180 1297 1251 1349 affin·
1243 1313 1287 1351 m

47 1370 151 1453 plnrtoe
162 1392 264 1451 inqon
256 1371 432 1434 emerseram
441 1394 545 1434 numero
553 1372 666 1457 affines
676 1373 754 1435 &ex
765 1372 812 1433 his
827 1372 942 1433 duabus
954 1384 1154 1451 congruenter
1173 1367 1235 1418 ¹
1183 1385 1235 1433 8
1256 1386 1288 1419 ¹²²

9 1520 17 1615 p
9 1464 200 1555 erpofiris
219 1492 259 1535 ac
280 1473 497 1556 amplificatis
489 1489 604 1555 integra
623 1474 732 1555 pendet
752 1473 889 1554 genuinae
907 1473 1074 1554 plantarunt
1094 1438 1205 1531 dis·tal

9 1572 236 1645 ¹tributionis
252 1592 371 1636 norma
391 1573 459 1656 Qui
477 1574 614 1655 pluribus
631 1573 806 1654 aequipollet
819 1591 895 1633 unus
911 1572 1060 1641 carasier,
1077 1572 1104 1631 is
1121 1572 1152 1636 in

56 1688 167 1752 genere
185 1672 302 1755 semper
317 1672 361 1737 est
377 1672 561 1737 uniformis·
550 1719 563 1750 ,
580 1674 632 1756 qui
650 1672 866 1754 paucioribus,
883 1672 965 1733 valet
983 1671 1155 1746 interdiim;

16 1810 19 1815 -
61 1772 116 1855 qui
134 1772 329 1853 paticiffimis‚
345 1770 455 1859 speciei
477 1775 653 1839 definienda
673 1774 790 1837 santiam
807 1772 1012 1855 impenditur:
1028 1770 1098 1832 inde
1110 1770 1156 1834 so·

59 1869 174 1937 lioiiim
189 1874 278 1951 situs,
299 1876 379 1940 inter
396 1878 562 1942 cambieres
577 1876 769 1940 semiliabiles
785 1872 984 1946 ordinandus,
1005 1873 1153 1953 genericae

10 2026 19 2063 p
60 1976 274 2059 nomunqudiii
284 1978 481 2060 designationi
492 1979 636 2062 prodest,
652 1998 742 2061 aeqiio
754 1976 820 2058 jure
837 1996 907 2039 cuin
922 1973 1152 2039 semistabilibus

10 2070 17 2083 “
57 2070 298 2140 fiuffifiraiioriis
322 2078 423 2161 fignis.
449 2080 521 2142 Non
551 2078 663 2153 sufficit
687 2096 786 2140 tamen
813 2076 993 2139 caraderum
1024 2077 1151 2158 partitio

56 2174 182 2259 triplext
193 2197 388 2263 unaquaque
400 2180 550 2263 plurimos
566 2166 698 2243 admittit
717 2179 827 2261 gradus
844 2177 925 2260 egre
943 2177 1155 2249 deliniendos,

56 2276 246 2360 optimusque
257 2280 398 2342 Botanici
418 2281 566 2346 Naturam
586 2283 720 2346 seiiantis
738 2281 824 2342 labor
845 2280 871 2341 is
892 2280 969 2353 erit,
991 2294 1026 2341 ut
1048 2296 1150 2340 carac-
1228 2266 1231 2271 ¹

59 2390 148 2441 num
164 2380 306 2443 omnium
318 2398 470 2447 momenta
483 2383 665 2466 perpendat,
678 2382 762 2445 suum
774 2381 894 2463 lingulis
912 2380 1014 2442 locum
1027 2378 1151 2441 daturus

61 2472 291 2553 inmutabilem
304 2478 356 2541 sed
367 2479 431 2542 sola
442 2500 586 2563 generum
598 2482 673 2546 vere
681 2482 861 2543 naturalium
874 2482 1028 2561 mutuique
1041 2497 1149 2541 eorum

63 2578 200 2642 consortii
216 2579 331 2643 affidui
349 2582 542 2648 meditatione
555 2586 620 2648 haec
636 2584 728 2646 ardua
738 2584 850 2666 poterit
861 2581 984 2646 stabiliti
1000 2577 1148 2662 gradualis

64 2681 237 2744 miserum
250 2683 420 2765 dispositio.

94 2776 252 2863 loiiqiiam
272 2783 411 2847 confines
432 2784 464 2847 in
482 2784 569 2848 suum
587 2786 723 2848 naturale
740 2803 833 2867 genus
848 2782 972 2865 simplex
986 2797 1037 2845 aut
1055 2780 1148 2862 parti-

11 2906 31 2949 a
68 2890 128 2941 m
146 2880 271 2947 demut
299 2884 575 2968 adadlae'species,
601 2886 748 2948 consimili
774 2885 868 2947 modo
892 2903 928 2946 ac
952 2884 1054 2947 eadem
1081 2884 1148 2964 lege
1201 2906 1290 2960 ordin

11 2992 28 3051 ’.-
72 2978 199 3045 neflenih
215 2982 287 3045 sunt
303 3001 415 3066 genera
431 3001 560 3067 cognata
578 2984 610 3046 8<
628 2985 660 3046 in
678 2984 800 3047 ordines
815 2981 1030 3065 congreganda.
1050 2982 1149 3062 Hujus
1167 2977 1284 3028 naturale

11 3094 25 3155 ζ
52 3092 155 3142 darem
174 3082 414 3146 consociationis
435 3085 573 3167 exempla
593 3084 624 3145 in
644 3100 781 3166 apertum
806 3083 1007 3164 conjiciuntur
1025 3083 1148 3145 favente

72 3183 180 3259 minti,
194 3184 307 3265 nempe
326 3184 449 3248 ordines
467 3187 555 3253 cerro
574 3187 723 3250 naturales
739 3186 773 3248 bc
791 3184 1006 3268 spfflatiffimi,
1026 3183 1056 3244 in
1070 3179 1147 3262 Sys-

11 3346 14 3355 .
72 3286 265 3348 iematicorum
287 3285 439 3349 methodis
465 3285 544 3368 saepe
566 3288 715 3360 indivisi,
745 3288 848 3370 quales
869 3288 933 3349 sunt
948 3286 1147 3357 Gramineae,

12 3450 15 3458 ,
74 3378 217 3462 Liliaccae,
236 3387 370 3450 Labiatae
386 3436 397 3464 ,
413 3387 621 3470 Compositae,
638 3390 858 3465 Umbelliferae‚
881 3386 1067 3455 Cruciferae,
1087 3381 1147 3444 Le·

12 3523 42 3561 Ξ,
75 3487 230 3562 palmosa.
253 3489 297 3554 Ut
319 3490 465 3572 precipui
483 3491 650 3572 specierum
678 3491 841 3553 cataiieres
865 3485 1077 3553 constituendis
1099 3504 1145 3567 ge

18 3626 43 3661 :i
75 3586 177 3650 neribus
196 3589 424 3670 impenduntur,
438 3590 477 3653 sic
497 3611 559 3653 non
579 3591 681 3654 omnia
693 3611 834 3673 generum
851 3591 931 3669 signa
947 3586 995 3648 sed
1010 3587 1145 3651 constan·

12 3707 42 3763 ¹:
74 3682 140 3748 riori
157 3692 269 3753 tantiim
290 3691 474 3774 designandis
488 3695 646 3757 ordinibus
660 3695 763 3776 priora
780 3692 889 3755 merito
905 3704 1051 3769 aptantur.
1069 3690 1147 3772 Quo

12 3802 43 3866 322
76 3793 223 3865 generalior
251 3795 330 3855 enini
353 3810 435 3856 extat
461 3796 630 3877 plantarunt
656 3798 808 3858 ordinatio
829 3790 993 3872 qualibet,
1014 3793 1052 3854 ed
1071 3809 1146 3873 pau·

14 3920 41 3969 „i
78 3886 191 3957 dotibus
209 3895 305 3960 utitur
321 3895 410 3978 signia
426 3897 660 3972 definientibu83
679 3897 798 3959 sancitae
817 3906 917 3954 tamen
936 3893 1148 3974 obtemperans

28 4064 51 4328 J
892 3998 967 4070 civ
