2580 4470
1053 168 1118 245 305

78 360 1121 431 m

284 566 655 652 cLAssls
710 567 876 659 x1v.
1094 676 1100 693 ,

78 776 269 867 ’,lNrAE
301 786 721 869 mcormuuouus
750 790 1100 881 POLYPETALAE.
1129 754 1133 759 ’

236 996 540 1069 STAMlNA
578 1002 934 1069 PERIGYNA.

78 1178 222 1279 :mx
253 1190 508 1302 monophyllus
528 1193 551 1291 ,¹
569 1190 713 1301 superus
741 1221 803 1274 aut
831 1184 987 1291 inferus,
1018 1208 1121 1303 apice

78 1318 170 1395 risus
197 1341 259 1393 aut
287 1317 467 1419 profundi²
497 1316 658 1419 partitus.
677 1320 827 1394 Corolla
857 1302 1031 1422 perigyr'rp
1060 1320 1122 1399 seu

78 1462 115 1511 ιο
137 1460 201 1513 aut
222 1436 363 1513 summo
385 1438 487 1513 calici
510 1437 665 1529 inserta,
691 1439 898 1540 polypetala
918 1460 979 1512 aut
1001 1464 1121 1539 quan-

78 1580 160 1655 ›que
185 1556 286 1629 nulla
316 1546 377 1630 aut
401 1557 513 1631 rarius
537 1557 768 1656 monoperala
794 1557 918 1656 petalis
941 1563 979 1629 in
1006 1584 1122 1632 unum

78 1674 187 1747 rasim.
220 1672 381 1747 Stamina
414 1679 612 1778 perigyna,
644 1673 791 1747 definita
810 1668 878 1747 'aur
905 1675 1120 1768 indefinita,

78 1788 302 1895 rpldistinem
322 1813 383 1865 aut
402 1792 583 1867 interdum
603 1784 798 1871 filamen‘tis·
807 1793 947 1867 coalita.
962 1794 1122 1871 Germeir

78 1924 208 2003 sperum
241 1906 389 2008 fimplex
417 1906 694 2011 ,multiplexve,
727 1930 793 2003 aur
819 1910 930 1984 rarirls
964 1907 1121 1987 inferum

78 2014 212 2127 lnplex3
240 2026 377 2126 singulo
405 2030 556 2126 germini
579 2028 685 2130 stylus
706 2012 831 2101 uniens
852 2050 915 2101 aut
933 2030 1122 2129 multiplex

78 2160 103 2215 lt
133 2145 279 2235 nullus,
312 2146 439 2243 stigma
472 2148 650 2244 integrum
681 2166 743 2218 aut
772 2143 938 2219 divisum.
973 2146 1122 2222 Fruelus

78 2279 135 2337 mc
158 2261 308 2361 fimplex
337 2261 480 2361 superus
504 2286 568 2335 nur
595 2257 753 2353 inferus,
781 2268 844 2336 uni
865 2284 928 2337 aut
957 2266 1121 2341 multilo-

78 2376 190 2470 laris·,
220 2406 316 2454 nunc
343 2384 453 2456 rarius
478 2383 666 2481 multiplex
690 2381 833 2481 superus
857 2382 995 2482 fingulo
1022 2390 1119 2484 peri-

78 2504 161 2599 rpio
179 2499 402 2573 uniloculari.
422 2501 532 2607 Sexus
548 2501 728 2575 interdum
744 2502 875 2577 abortu
891 2502 1052 2589 distineri.

78 2710 154 2769 Dus.
176 2684 335 2770 Numerosr
354 2705 596 2789 Polyperalarum
618 2706 740 2768 ordines
758 2700 789 2767 in
809 2702 919 2785 triplici
942 2706 1028 2767 classe
1051 2708 1120 2770 col-

78 2796 131 2881 ll,
150 2807 210 2887 jam
231 2806 372 2889 prodiere
393 2806 554 2886 paucissimi
574 2825 603 2885 p.
631 2824 698 2883 217.
725 2804 881 2864 staminum
903 2804 1045 2885 epigynii
1070 2808 1121 2867 in-

78 2898 132 2969 nes
151 2907 184 2967 δι
204 2907 299 2968 multo
316 2908 416 2988 plures
437 2926 466 2987 p.
486 2925 553 2985 230.
575 2903 757 2987 hypogynii
776 2903 941 2982 designari,
963 2923 1043 2968 nime
1059 2922 1119 2969 rre-

78 3006 137 3068 eim
153 3008 274 3069 circiter
291 3008 404 3069 sistendi
427 3005 585 3088 supersunt
605 3005 758 3067 communi
774 3005 941 3085 perigyniae
953 3022 1030 3071 nexu
1044 3029 1120 3072 con·

78 3104 137 3167 isli.
150 3106 244 3189 Quos
261 3107 292 3165 in
312 3102 447 3187 Aperalis
469 3104 570 3167 socios
588 3104 694 3165 habuit
713 3102 874 3165 caraunes
892 3102 1046 3169 slaminum
1069 3124 1120 3190 pe·

78 3206 180 3287 poia,
197 3205 316 3268 eosdem
338 3204 401 3267 fere
426 3206 455 3266 in
483 3202 671 3285 Polyperalis
692 3202 746 3264 fibi
766 3200 900 3265 vindicat
923 3207 1118 3288 ailaeqrrar05‚

78 3306 146 3387 rupe
166 3304 288 3367 calicem
308 3303 425 3385 semper
443 3304 697 3384 monophyllum,
715 3303 836 3364 stamina
858 3300 979 3366 definita
999 3323 1049 3368 aur
1071 3309 1118 3367 in-

78 3404 181 3481 finita,
200 3425 321 3487 germen
340 3406 479 3488 superum
501 3422 552 3466 aut
567 3403 717 3479 inferum,
733 3404 855 3485 simplex
870 3419 922 3464 aut
941 3406 1119 3487 multiplex,

89 3508 234 3587 praererel
249 3508 395 3569 corollam
408 3507 580 3588 plerumque
595 3507 776 3576 exstantem,
794 3503 898 3586 saepilrs
913 3503 1118 3586 polyperalam

87 3629 148 3671 non
167 3608 373 3671 staminiseram
383 3655 399 3689 ,Ι
414 3607 529 3689 semper
544 3607 728 3689 perigyrram.

78 3710 154 3772 Haec
170 3727 270 3772 autem
291 3708 428 3778 corolla,
449 3707 518 3770 licet
534 3709 610 3769 inter
632 3708 800 3788 praecipuos
818 3704 979 3767 carasleres
995 3724 1118 3770 enume-

78 3826 118 3887 ra,
139 3812 240 3873 minirs
260 3809 417 3871 eslentialis
433 3808 539 3890 utpote
557 3827 618 3868 non
641 3806 836 3879 flammifera,
855 3803 962 3885 passim
981 3807 1118 3870 aboletur

78 3912 169 3983 ridivl
181 3912 378 3994 exceptione,
390 3911 545 3992 generibus
559 3906 681 3990 aperilis
694 3907 768 3970 inter
780 3903 970 3988 polyperalos
983 3924 1118 3971 nonnun-

893 4008 920 4084 l
