2580 4470
283 193 865 273 ·00nrnsrrrnn
1065 208 1133 298 ῐῃ

336 611 341 618 ,
399 530 434 602 0
458 530 492 603 R
516 528 553 602 D
577 529 613 604 O
659 530 770 617 111.

88 710 515 790 eouYMBIFuRAE,
548 717 635 779 rus
670 656 1089 789 coornari-*unas

78 854 241 965 Faunus
276 887 335 960 vel
368 884 542 961 flosculosr
569 914 695 961 omnes
716 946 727 977 ‚
750 888 810 962 vel
841 887 989 979 radiati,
1019 888 1057 964 id
1080 889 1129 965 est

78 976 214 1059 isfruhfi
234 989 273 1056 in
300 979 396 1056 disco
417 987 459 1057 dt
482 984 620 1082 ligulati
640 989 678 1057 in
704 983 814 1056 radio.
837 982 1026 1058 Floscuiosr
1048 986 1128 1086 ple-

78 1098 194 1180 unque
221 1078 506 1178 hermaphroditi
544 1105 701 1161 omnes3
739 1079 919 1153 interddm
957 1083 1131 1158 centrales

78 1175 357 1275 tennaphroditi,
386 1177 597 1249 marcinales
626 1171 789 1249 firminei
813 1199 875 1248 aut
903 1181 1041 1258 neutri5
1068 1204 1127 1252 ra-

78 1268 120 1344 ius
143 1271 312 1346 centrales
343 1231 516 1361 mascufi,
544 1271 753 1370 marginales
784 1267 957 1349 foeminei.
983 1270 1129 1351 Radiau

78 1368 231 1467 uuqudm
251 1366 536 1465 hermaphrodiri
552 1393 703 1455 omnes,
736 1364 795 1441 sed
816 1393 914 1441 nunc
937 1364 1027 1466 sape
1050 1367 1129 1443 flos·

78 1460 134 1535 ulis
160 1462 458 1561 hermaphroditis
489 1467 531 1538 dc
566 1465 590 1535 li
641 1465 681 1535 iis
713 1457 889 1537 foemineis
921 1486 984 1538 aur
1013 1466 1125 1543 rarit'rs

78 1562 203 1648 suun,
233 1584 330 1633 nunc
366 1558 546 1633 interdum
602 1557 728 1631 osculis
753 1558 915 1632 masculis
941 1563 983 1633 ὃ(
999 1559 1128 1659 -ligulis

78 1656 217 1729 mincis
244 1653 410 1727 instructi.
435 1655 539 1728 Calix
561 1659 763 1729 communis
777 1654 947 1752 'monoph
973 1650 1040 1727 llus
1064 1677 1126 1729 aut

78 1747 298 1852 ulyphyllus,
321 1749 548 1848 [implerant
565 1749 770 1823 calicuiatus
795 1753 852 1822 ieu
876 1754 933 1823 cin
970 1775 1010 1822 us
1036 1752 1127 1825 cali-

78 1842 131 1917 ulu
154 1850 328 1921 exteriore
359 1868 422 1920 aut
451 1845 681 1933 imbricatus,
710 1844 926 1925 rnultiflorus
950 1867 1013 1919 aut
1041 1847 1126 1923 rard

78 1940 253 2015 mnflorus
270 1943 329 2015 vel
350 1939 544 2031 uniflorus,
567 1945 790 2040 receptaculo
816 1937 1001 2017 communi
1026 1942 1128 2017 nudo
1226 1938 1238 1967 '

78 2054 117 2107 ut
130 2038 205 2137 pilis
229 2038 290 2110 vel
314 2038 422 2136 paleis
448 2036 550 2111 flores
574 2037 866 2136 distinguentibus
890 2041 994 2111 tecto.
1017 2036 1130 2131 flos-

78 2128 120 2205 uh
138 2130 258 2232 sapitis
279 2131 527 2232 quinquefidi,
559 2133 668 2206 rarids
696 2137 742 2205 tri
766 2155 828 2205 aut
849 2132 1052 2233 quadrifidi,
1068 2134 1128 2208 Li-

78 2224 132 2317 ‚uic
148 2233 249 2328 apice
272 2233 415 2302 intecta
436 2250 497 2302 aut
520 2227 678 2300 dentatae.
706 2230 867 2302 Stamina
888 2232 927 2302 in
947 2224 1126 2306 foemineis

78 2322 99 2395 it
129 2331 259 2399 neutris
297 2286 427 2414 nufia,
469 2328 506 2396 in
546 2323 843 2423 hermaphroditis
885 2327 925 2400 &
960 2321 1125 2399 masculis

78 2419 134 2515 {uin
158 2448 231 2509 ue,
258 2421 369 2493 rarids
393 2444 572 2519 quatuor,
599 2422 752 2495 antheris
774 2426 811 2494 in
835 2420 965 2496 tubum
986 2420 1123 2497 coalitis

78 2588 80 2599 ,
124 2519 131 2531 ’
209 2519 230 2590 ὲ
258 2516 423 2589 distinctis
453 2519 494 2589 ὅ(
519 2521 799 2614 approximatis,
828 2541 867 2590 ut
888 2522 926 2589 in
950 2516 1125 2610 Kuhnia,

78 2604 229 2689 humilii
255 2616 297 2687 ὃ(
326 2605 582 2714 Corymbiferis
616 2612 800 2685 anomalis.
818 2619 841 2701 ).
866 2614 1004 2709 Stigma
1032 2612 1059 2687 st
1086 2614 1123 2685 lo

78 2711 279 2796 munuum,
297 2706 595 2806 hermaphroditis
617 2711 657 2781 ὅ(
678 2702 854 2779 foemineis
882 2706 1028 2780 floribus
1054 2638 1085 2780 d

78 2794 149 2969 pig,
171 2799 334 2876 masculis
360 2802 534 2902 fimpler,
559 2803 690 2874 neutris
716 2802 862 2898 simplex
886 2825 947 2877 aut
971 2803 1124 2876 nullum.
1236 2827 1241 2835 ·

127 2923 171 2972 en
210 2898 349 2971 nudum
388 2920 449 2973 aut
483 2919 693 2973 coronatum
759 2921 864 2994 appo.
901 2896 1028 2972 Herba:
1063 2921 1126 2972 aut

78 2994 261 3092 {nandoque
281 2987 422 3076 frutices
444 2989 691 3067 suffruticesve.
741 2995 813 3073 olia
832 2996 869 3062 in
894 2992 1055 3089 plurimis
1072 2994 1126 3069 al-

78 3100 165 3177 tma,
184 3096 225 3163 in
269 3096 365 3163 aucis
395 3089 567 3189 opposita.
594 3087 741 3160 Florum
768 3084 881 3161 discus
912 3087 1124 3188 plerumque

78 3196 174 3267 uteus3
193 3211 233 3259 ra
261 3188 311 3257 'us
325 3181 413 3285 {aff
428 3185 621 3273 concolor,
636 3183 898 3291 nonnunquim
913 3182 1077 3258 discolor.

99 3365 423 3470 [Receptaculum
447 3369 594 3444 nudum.
622 3369 751 3442 Semen
774 3367 984 3469 papposum.
1004 3371 1123 3447 Flores

140 3484 324 3563 flosculosr.
352 3493 421 3580 (In
450 3493 608 3579 Mariti,
634 3489 852 3588 Barnadrszd,
882 3491 1016 3583 leyserd
1024 3492 1124 3589 flores

141 3609 256 3676 radroti
268 3613 291 3693 ).

78 3752 226 3838 within,
250 3769 283 3828 L.
299 3771 314 3799 ¹*
331 3768 433 3831 Flores
453 3766 605 3830 flosculofi.
624 3765 712 3828 calix
724 3766 899 3826 imbricatus
915 3765 1061 3848 oblongus
1074 3790 1128 3850 cy.

93 3840 244 3921 liudricus,
262 3846 380 3907 circiter
401 3846 598 3927 rorpflorus.
621 3846 766 3911 Antherae
787 3843 927 3905 distinete
946 3846 1127 3925 cylindricae.

94 3916 227 4001 Stigmata
252 3924 349 4003 longa.
374 3925 489 4006 Pappus
519 3924 680 4004 plumotus,
705 3923 828 3982 carauer‘
844 3942 879 3979 ex
898 3923 1014 3984 Linnaeo.
1035 3929 1128 3989 b'lores

88 3997 275 4088 subcorymbofi
297 4004 454 4067 terminales.
477 4004 598 4067 Habitru
623 3999 769 4089 Eupatorit‘
788 4046 798 4077 ,
816 3999 868 4085 fi‘d
884 3996 960 4079 Μία
977 4005 1080 4069 alterna
1097 4006 1126 4073 ἃ
