2580 4470
93 197 165 295 384
313 189 531 262 Ctsssts
571 179 698 273 XV,
736 183 890 260 Onno
931 174 961 261 i.

89 335 215 398 ordines
227 338 328 393 extant
339 327 450 391 semine
461 324 566 386 biiobo
578 321 691 402 pariter
702 320 831 403 insigniti
848 323 898 388 sed
911 327 944 389 in
956 325 1092 407 sejundi's
1101 330 1164 391 dori

89 436 149 498 bus
162 430 288 494 sexualia
300 441 466 511 retegentes
479 440 591 502 organa
601 421 685 484 nulio
698 421 806 504 sepitis
821 424 979 490 manifesto
989 428 1112 504 abortu,
1122 449 1165 490 md

89 550 152 598 tuae
170 533 240 595 ided
252 532 374 594 sexuum
386 526 543 610 positionis
557 524 737 587 caradierem
750 526 896 589 exhibere
909 528 1006 591 nescii
1021 531 1054 591 δι
1066 529 1161 593 subindi

91 636 248 715 irregulares
266 632 318 694 seu
341 629 459 691 traditis
475 626 669 690 insertionum
692 628 803 708 regulis
821 648 883 691 non
904 630 1098 713 obsequiofi,
1110 648 1160 713 φα

92 735 184 815 igitur
196 731 308 795 neceffe
327 728 383 791 fuit
404 729 435 789 in
454 727 635 810 peculiarem
650 727 683 789 &
694 727 713 787 d
725 727 876 808 praemiffis
893 730 1065 795 distindiam
1079 731 1161 793 cladem

92 832 282 914 compellere.
298 828 390 891 Tales
405 827 551 889 habentur
569 826 771 908 Euphorbiae,
786 822 1047 903 Cucurbitaceae‚
1062 829 1163 903 Unice,

92 937 284 998 Amentaceae
308 977 318 1005 ,
344 928 509 993 Coniferae.
536 927 755 1010 Perispermum
779 929 969 1011 Euphorbiis
991 933 1026 994 δι
1046 932 1163 997 eonifer‘r
1189 994 1191 1001 .

94 1031 167 1095 in'est
187 1029 346 1093 carnosum
364 1027 491 1089 corculo
509 1027 540 1086 in
561 1026 608 1087 his
633 1026 806 1106 cylindrico
827 1029 859 1090 &
885 1030 917 1090 in
942 1032 1009 1093 iilis
1034 1032 1112 1113 plano
1125 1032 1163 1094 cit·

94 1131 311 1214 cumposttum,
327 1127 444 1190 caeteris
460 1126 575 1188 nullum
589 1125 684 1187 datur.
702 1124 807 1189 Flores
823 1128 853 1187 in
869 1127 1033 1194 Coniferis
1044 1132 1162 1205 &Added

95 1234 188 1295 taceis
208 1230 271 1294 ferd
290 1248 396 1292 omnes
408 1228 572 1290 amentacei
585 1226 634 1288 seu
651 1227 740 1309 suprd
753 1228 833 1289 axim
851 1248 1051 1294 communem
1067 1232 1161 1294 amemi-

96 1334 226 1396 formem
239 1330 330 1394 dense
352 1328 454 1410 spicati
474 1328 507 1390 dt
523 1343 596 1390 tune
615 1326 741 1389 caudam
759 1326 881 1391 felinam
902 1330 996 1395 simul
1009 1333 1160 1402 aemdmes,

96 1437 129 1496 in
148 1435 262 1497 Urticis
286 1431 406 1514 quidam
424 1431 542 1492 tantiim
567 1429 732 1491 amentacei
750 1476 760 1506 ‚
781 1430 812 1489 in
832 1430 1067 1498 Cucurbitaceis
1083 1434 1157 1495 &ti
1188 1474 1191 1493 1

97 1535 234 1618 phorbiis
252 1533 338 1595 aliter
360 1529 493 1612 dispositi
512 1529 603 1591 :inde
627 1528 749 1592 dedutta
768 1530 912 1593 ordinum
934 1533 1102 1598 distributio.
1114 1533 1153 1597 (id
1187 1498 1192 1557 f

98 1637 176 1699 rolla
203 1637 234 1696 in
263 1632 443 1696 amentaceis
464 1631 591 1692 floribus
613 1630 737 1691 omnind
762 1630 871 1709 nulia,
899 1633 933 1693 in
959 1634 1151 1718 plerisquediit
1184 1612 1192 1652 ²¹

100 1737 259 1800 diciinibus
285 1736 345 1798 hitc
369 1733 549 1797 convocatis
570 1734 655 1794 certi)
684 1734 776 1795 etiam
799 1735 972 1812 deficiens,
997 1738 1026 1799 in
1047 1734 1149 1799 domuit

101 1837 345 1919 Euphorbiarum
371 1835 532 1917 generibus
557 1833 903 1917 pseudo-polypetaia‚
931 1838 972 1899 ad
997 1838 1100 1900 libitum
1119 1854 1150 1917 pm

102 1939 208 2022 petalis
226 1954 277 2000 aut
291 1936 401 2000 redids
416 1934 554 2016 analogia
565 1933 641 1997 duce
660 1954 718 2016 pro
734 1935 862 2017 squamis
873 1937 1010 2001 calicinis
1023 1936 1150 2022 petaloiid

103 2039 250 2104 habenda.
268 2041 312 2102 Ut
328 2040 361 2101 in
378 2037 559 2122 praecedenti
579 2035 653 2099 serie
676 2039 833 2102 nonnullas
853 2038 981 2104 diclines
1002 2040 1151 2121 lietmaphtd·
1188 2106 1193 2114 ⁴

103 2141 174 2203 ditis
193 2141 371 2204 commixtas
391 2140 499 2223 plantis
515 2136 646 2200 admittit
665 2132 825 2222 exceptio,
842 2136 883 2201 fic
908 2141 942 2203 in
969 2141 1100 2204 dictinium
1115 2156 1152 2198 or·

104 2242 187 2304 dines
213 2240 352 2323 quaedam
374 2241 511 2322 irrepunt
531 2234 1011 2321 hermaphroditae·consentiente
1030 2258 1072 2305 aut
1085 2238 1109 2301 s
1121 2238 1152 2318 jd

105 2345 194 2405 bente
216 2341 322 2402 naturai
343 2361 411 2422 quae
437 2340 606 2403 stabiliores
625 2340 772 2403 interddm
791 2338 885 2403 eludit
904 2344 1042 2424 regulas,
1057 2355 1153 2404 nonnun-

106 2445 198 2527 qudm
213 2443 354 2504 instabilis
370 2427 432 2523 ipsa
451 2458 503 2505 aut
518 2432 656 2504 abstrusis
674 2443 790 2523 legibus
803 2444 1029 2526 obtemperans.
1044 2442 1154 2506 Accdm

106 2543 251 2607 Rhamnis
274 2542 416 2605 tricoccis
433 2542 615 2624 Euphorbiae
634 2543 735 2624 plures
755 2541 852 2605 frudiu
871 2543 905 2604 δι
926 2545 995 2608 aliis
1019 2546 1153 2628 signium·

106 2644 237 2713 formess
255 2644 455 2726 Atripiicibus
471 2643 617 2719 accedunt
627 2644 747 2714 ,Urticae
765 2644 920 2706 nonnullae
937 2640 1152 2726 similiteraperb

107 2743 159 2807 sed
180 2743 303 2813 diclines
324 2744 357 2806 &
377 2743 562 2825 perispermo
583 2736 730 2805 de'stitutae
751 2764 759 2801 :
781 2743 920 2824 quaedam
943 2742 1035 2828 igitur
1056 2732 1151 2807 interd
1182 2701 1194 2765 ἶ

107 2847 203 2913 clines
223 2848 255 2909 δι
272 2843 536 2927 hermaphroditos
553 2843 691 2918 ordines,
709 2840 786 2904 inter
807 2847 947 2927 apetalos
963 2849 997 2910 δι
1012 2840 1152 2932 polypetdoe

111 2948 171 3027 jam
188 2946 301 3028 pluries
318 2945 506 3029 promulgata
523 2943 650 3006 subsistit
668 2944 806 3008 affinitas.

200 3418 575 3499 EUPHORBIAE,
609 3433 712 3490 Les
751 3426 1090 3492 Evt’HoRsss.

112 3577 219 3692 Fto
233 3606 326 3677 RES
362 3606 524 3676 mono'ici
550 3627 612 3678 aut
642 3597 778 3694 didici,
816 3620 879 3679 aut
909 3602 1023 3679 rarids
1055 3602 1147 3675 ieme

111 3699 286 3802 phroditir
322 3697 426 3772 Calix
457 3696 680 3810 fingulorum
708 3695 893 3775 tubulosus
927 3722 992 3775 aut
1021 3700 1148 3815 partitum
1182 3758 1195 3791 fl

117 3796 266 3897 simplex
289 3814 350 3868 aut
375 3794 575 3895 dupltcatus
601 3798 737 3872 laciniis
763 3795 994 3871 interioribus
1022 3788 1149 3871 interdud
1182 3838 1195 3871 ι

116 3892 336 3996 petalo'ideis'.
366 3892 488 3970 Petale
532 3895 665 3990 nulla,
707 3892 773 3971 nist
811 3893 950 3971 laciniae
988 3886 1150 4086 suppliadsictglf³
1182 3894 1196 4028 ξ
