2580 4470
1069 232 1130 284 XXI

34 332 213 425 ¹dttpuaidam
228 335 433 418 designatione
449 336 481 398 lit
493 337 615 429 hislorirl
627 337 659 399 a
669 338 815 403 Veterum
828 340 1009 424 synonymia
1018 317 1132 409 sumine

40 438 281 502 commendandi.
458 514 467 540 ι

65 536 194 601 interest
221 540 314 602 nullis
341 542 473 604 adstrieta
497 541 612 624 legibus
633 542 775 623 fluduans
799 544 952 607 obmutuit
977 545 1129 624 scientia,

35 636 136 702 donec
159 641 360 704 intellexerint
378 643 517 705 Botanici
540 664 607 707 eam
628 645 659 706 in
684 645 864 707 caradierum
886 646 1131 728 investigatione,

10 739 70 800 'in
89 741 230 821 generisi
250 743 414 824 specierum
434 746 645 820 connexione,
668 746 699 806 in
725 746 863 808 ulteriori
882 764 1024 827 generum
1049 749 1133 811 ordi·

36 841 163 904 natione
177 828 349 926 praeprimis
367 845 505 920 versari,
524 844 556 905 δι
575 847 605 906 in
627 845 822 914 conficiendis
839 847 997 926 generibus
1014 865 1065 909 aut
1080 856 1134 911 or·

34 940 157 1004 bobus
178 942 328 1024 quosdam
348 964 411 1025 prae
430 946 548 1006 taeteris
573 945 757 1007 adhibendos
779 943 836 1007 effe
862 945 1034 1007 caraderes.
1059 948 1131 1009 Non

30 1040 99 1104 hoc
127 1058 231 1106 tamen
260 1044 393 1107 tourins
417 1043 570 1108 confestim
596 1047 733 1107 invaluit.
762 1045 915 1108 Gesnerus
936 1048 1020 1127 prior
1036 1048 1132 1110 edixit
1234 1084 1244 1095 =

28 1140 109 1223 Igna
121 1142 234 1204 deduci
254 1141 321 1222 jure
341 1145 489 1226 praecipua
507 1164 544 1206 ex
557 1143 802 1217 frudificarione,
818 1145 1016 1208 annuentibus
1028 1147 1129 1227 polica

27 1242 206 1331 &salpino
224 1245 259 1304 δι
276 1244 434 1307 Columna.
455 1244 636 1328 Principium
665 1245 737 1307 illud
760 1246 934 1327 aliquandiu
964 1247 1128 1329 neglettum
1241 1256 1244 1261 '

28 1345 160 1407 restituit
179 1345 397 1421 Morisonius‚
427 1345 570 1407 admisere
590 1332 732 1408 Raiu's‘&
751 1347 883 1408 Rivinus
902 1347 934 1407 δι
954 1348 1128 1425 coaetanei,

30 1447 164 1511 omuino
183 1445 346 1508 illustravit
365 1444 412 1508 his
435 1447 855 1528 recentior-Tournefottius.
875 1447 1027 1528 Perpensrs
1047 1449 1126 1537 enim

28 1544 162 1608 diversis
187 1547 357 1628 plantarum
380 1550 514 1630 partibus
536 1551 690 1629 genericas
713 1539 745 1610 in
767 1548 894 1611 flore&
919 1547 1129 1623 frudunotas
1162 1548 1167 1561 '

30 1646 116 1709 turb
137 1648 297 1734 confidere
312 1647 457 1726 asseruit,
486 1650 614 1730 indeque
636 1649 687 1710 sua
714 1651 857 1712 exstruxit
880 1651 980 1711 omnia
998 1669 1127 1730 genera,

31 1747 96 1809 alia
114 1748 226 1830 nempe
243 1749 334 1830 primi
353 1749 470 1812 ordinis
494 1749 559 1810 sola
576 1749 803 1810 studisicatione
825 1749 994 1828 designata,
1012 1752 1070 1810 alia
1088 1750 1128 1812 se·

36 1849 134 1911 cundi
150 1850 259 1912 ordinis
277 1851 310 1911 in
328 1851 440 1933 quibus
461 1851 541 1913 aliud
562 1869 672 1931 praeter
691 1849 879 1913 conformem
895 1850 1131 1913 studificationis

35 1934 209 2012 saudim-am
227 1950 422 2032 designationi
439 1951 567 2014 additur„
583 1953 803 2033 Promulgatam
815 1952 909 2034 legem
923 1949 1129 2015 &numeroso

35 2068 177 2130 generum
198 2051 279 2134 saepd
303 2053 481 2116 naturalium
505 2071 662 2131 conventu
684 2054 841 2119 stabilitam
865 2051 981 2117 admisit
1007 2051 1127 2135 postera

32 2149 249 2216 Rotanicorum
269 2156 383 2217 cohors
404 2157 508 2237 paucis
525 2159 665 2238 exceptis.

65 2252 309 2316 Tournesortius
329 2255 360 2316 in
378 2257 557 2319 carallerum
579 2257 611 2318 δι
632 2276 815 2337 organorum
835 2254 985 2318 dotalium
1005 2272 1127 2316 enume-

33 2354 150 2416 ratione
171 2353 273 2435 pislilli
295 2371 395 2436 partes
414 2355 587 2418 &stamina
609 2357 782 2438 despexerat
803 2374 860 2438 pro
880 2353 1006 2415 vasculis
1022 2371 1128 2413 excre-

10 2456 116 2551 ¹tutiis
133 2455 240 2516 habita
261 2457 298 2530 ⁴,
322 2456 393 2518 licet
413 2456 473 2535 jam
494 2460 579 2519 antea
599 2459 635 2520 de
659 2459 822 2539 plantarum
844 2456 914 2518 sexu
933 2454 1127 2515 &Veteribus

10 2570 17 2635 ᾗ
33 2555 178 2637 presenso
201 2556 316 2637 aliquid
338 2558 520 2637 protulissent
538 2559 750 2630 Camerarius,
766 2557 965 2638 Caesalpinus,
984 2555 1127 2618 Grewius

38 2654 267 2737 &Malpighius
277 2654 400 2718 Ineunte
411 2659 546 2739 praesenti
556 2680 627 2722 aevo
638 2660 748 2741 (1702)
760 2657 950 2720 Burcltardus
962 2656 992 2716 in
1002 2655 1127 2736 epistola

39 2754 280 2820 alleibnitzium
291 2757 450 2820 serualium
460 2779 640 2840 organorum
649 2761 821 2825 sirutluram
829 2757 952 2820 &usum
961 2756 1024 2819 fuse
1034 2776 1127 2838 expo·

43 2858 114 2932 suit;
126 2861 228 2921 varias
248 2859 314 2921 dein
334 2860 458 2940 pollinis
473 2860 593 2923 masculi
614 2850 725 2927 l'mas
748 2861 911 2921 delineavit
931 2857 1125 2931 Geoffraeus3

46 2956 245 3023 Burckmdiani
257 2961 357 3042 placiti
368 2959 486 3024 nescius
503 2962 626 3024 sexuum
647 2961 792 3023 aclionem
805 2959 902 3040 pal'am
919 2958 1126 3039 promulgavit

71 3250 95 3280 '⁴
120 3247 221 3306 Alienae
243 3249 271 3307 in
291 3253 363 3308 flore
381 3251 497 3322 partesa
515 3250 675 3311 staminibus
696 3247 824 3322 tanquam
844 3247 861 3307 ‘a
879 3248 947 3308 vafis
968 3245 1124 3308 excretoriis

49 3358 149 3413 except:
164 3344 338 3417 deponuntur
358 3347 387 3404 in
405 3351 495 3418 apices
516 3348 687 3418 (antheras)
705 3347 780 3404 velut
802 3349 829 3404 in
851 3347 966 3409 cloacas.
992 3337 1122 3414 Tournef.

51 3432 112 3514 ssag.
128 3461 157 3511 p.
176 3450 219 3498 68.
239 3463 285 3512 70.
310 3443 385 3501 Alibi
407 3463 499 3502 tamen
522 3446 733 3507 Tournesortius
758 3443 910 3514 plantarum
931 3440 1021 3499 sexum
1048 3432 1123 3506 quast

55 3526 235 3609 subodoratus,
255 3537 322 3597 dum
341 3541 376 3597 de
396 3541 497 3600 dioicis
514 3545 552 3601 ait
569 3567 576 3598 :
595 3549 638 3607 An
657 3541 813 3613 corpuscula
831 3544 941 3598 fluentia
961 3557 993 3592 cx
1010 3530 1123 3590 floribus

57 3623 193 3690 intumos
213 3632 319 3693 fruetus
338 3639 433 3708 procul
454 3637 593 3696 nascentes
612 3635 752 3706 feruntur,
771 3656 800 3694 ut
820 3637 903 3694 veluti
923 3632 937 3689 ὲ
960 3649 1068 3702 torpore
1089 3627 1126 3688 ad

55 3727 175 3792 proprium
192 3732 392 3791 incrementum
418 3735 586 3794 excitentur?
607 3730 853 3812 Quemadmodum
874 3728 908 3784 de
930 3724 1027 3784 l’almis
1050 3745 1126 3785 mare

58 3816 197 3883 &lomina
207 3869 214 3882 .
226 3870 234 3883 .
247 3871 253 3884 .
266 3826 433 3887 affirmatur.
446 3875 453 3888 .
465 3871 472 3884 .
485 3830 620 3888 ramulum
633 3830 708 3886 floris
724 3828 805 3886 maris
823 3826 851 3879 in
864 3818 987 3890 spatham
1005 3819 1128 3880 foeminae

56 3910 124 3973 inseri
137 3939 190 3989 quo
205 3938 328 3992 tempore
344 3923 438 3996 spatha
452 3922 529 3984 hiare
548 3921 618 3983 solet
630 3947 640 3993 3
654 3927 705 3982 flos
724 3921 873 3990 explicatus
884 3917 1024 3988 pulverem
1038 3912 1131 3975 fundit

62 4001 104 4065 fine
119 4018 188 4089 cujus
204 4013 351 4077 affctlione
365 4019 466 4096 dactyli
483 4021 575 4082 acerbi
591 4008 684 4077 forent
700 4025 726 4075 st
742 4009 874 4072 insuaves.
888 4012 956 4070 ilia.
967 4034 997 4084 p.
1013 4022 1057 4082 69.

887 4107 966 4197 biij
