2580 4470
976 205 1048 279 ²29

78 346 142 409 qum
167 327 342 390 numerosas
360 328 391 389 in
408 326 511 392 eidem
528 327 609 391 clane
630 329 839 412 compledinrr
856 326 969 411 plantas
985 347 1053 390 uno.

80 447 138 488 mes
163 429 309 508 primario
330 429 502 499 ca'raclere,
528 428 718 510 plurimisque
742 429 924 492 secundariis
943 429 1049 490 discre-

78 522 179 589 .'Non
209 529 323 590 tantum
348 531 428 592 enim
455 530 632 593 conficiendi
658 530 779 595 ordines
803 531 878 592 vere
901 529 1051 591 naturales

78 646 110 689 ue
135 627 297 707 designati,
324 628 374 690 sed
395 628 428 689 &
449 629 540 691 iidem
564 631 671 693 mutuo
695 630 867 711 disponendi
890 630 931 689 ita
951 644 986 690 ut
1005 629 1051 689 fa-

78 746 167 788 >uno
189 727 227 788 ad
244 728 369 790 alterum
387 729 530 793 habeatur
548 730 730 812 progreffio‚
748 748 803 792 nec
825 729 886 792 ulla
904 730 980 791 inter
1000 749 1051 792 ex·
1073 718 1076 723 ’

78 826 245 908 tutriusque
266 827 341 889 fines
359 830 444 891 detur
463 829 597 891 absoluta
617 829 785 905 distinctio,
806 814 928 891 inversa
949 829 1048 908 Syste·

78 948 146 989 rum
176 927 319 990 doctrina.
344 929 475 992 Ordines
498 946 598 992 autem
620 929 672 991 alii
698 929 799 991 faciles
825 929 885 1009 jam
907 929 1049 991 universe

78 1076 99 1104 .‚
120 1028 172 1089 alii
193 1029 348 1110 operosius
365 1029 555 1103 exstruendi,
572 1048 650 1111 quos
669 1045 768 1092 tamen
787 1029 810 1090 ti
831 1029 899 1111 quis
918 1028 1047 1091 feliciter

78 1147 143 1209 egro
163 1147 215 1190 aut
243 1129 362 1210 partim'
376 1129 490 1192 tantum
511 1129 729 1206 delineaverit,
748 1131 774 1190 is
799 1131 835 1193 de
855 1149 888 1194 re
906 1130 1047 1192 botanica

78 1230 148 1304 mit,
173 1229 244 1290 licet
262 1230 293 1289 in
311 1249 418 1291 eorum
437 1230 642 1295 distributione
653 1250 762 1312 anceps
776 1231 894 1294 haeteas
913 1230 1046 1293 Stamina

78 1329 207 1391 :orollam
233 1329 436 1410 polypetalam
459 1331 627 1413 hypogyna
649 1332 822 1414 primarium
849 1330 989 1392 exhibent
1013 1332 1046 1391 in

78 1430 246 1492 :traderem
271 1449 333 1511 quo
356 1430 441 1492 velut
461 1433 614 1494 communi
631 1451 710 1494 nexu
729 1432 907 1513 colligantur
925 1431 1045 1492 ordines

78 1529 136 1591 tarn
158 1529 280 1599 viceni,
303 1528 410 1590 additis
431 1531 520 1591 etiam
542 1516 677 1613 plurimis
693 1532 850 1612 generibus
869 1529 940 1591 nulli
959 1531 1046 1593 alteri

78 1629 264 1693 onsociandis
281 1631 313 1691 &
329 1649 482 1691 novorum
496 1632 635 1693 ordinum
653 1631 774 1713 polihdc
789 1630 1045 1694 conficiendorum

78 1730 261 1792 tDiverlos
283 1730 360 1792 inter
380 1730 542 1793 caraderes
564 1731 596 1792 in
619 1731 705 1794 claffe
730 1731 921 1794 secundarios
946 1732 1045 1794 nullus

78 1845 127 1904 et,
154 1830 295 1891 ordinum
319 1829 518 1891 distributioni
535 1832 602 1911 jure
622 1830 809 1912 praetumrus.
834 1832 963 1894 Stamina
986 1851 1048 1897 nu·.

78 1931 97 1994 ic
115 1932 314 2015 proportione
332 1930 364 1991 δι
383 1931 601 1999 filamentorum
614 1933 867 1995 autantherarum
880 1933 1044 1994 coalitione

78 2033 168 2094 inibus
193 2030 271 2113 sape
296 2032 349 2093 fibi
373 2051 436 2094 non
460 2032 603 2095 constant.
624 2033 748 2095 Frudlus
768 2034 971 2115 Monopetalis
995 2053 1045 2095 or·

78 2135 96 2195 Is
111 2139 120 2207 i
125 2155 154 2216 p.
166 2135 225 2216 94)
237 2133 419 2215 aptillimus,
434 2136 466 2194 in
486 2135 669 2216 Polypetalis
685 2136 811 2197 minoris
822 2135 864 2196 est
875 2114 1042 2210 momenti,
1071 2144 1074 2151 ’

81 2236 198 2298 texturai
215 2235 357 2316 proprii,
375 2235 406 2295 in
425 2235 571 2315 stylorum
593 2235 625 2296 δι
647 2235 817 2298 loculorum
836 2255 989 2311 numero,
1009 2236 1043 2298 in

78 2356 104 2397 m
116 2336 148 2397 δι
160 2335 433 2416 diffepimentorum
445 2336 500 2398 situ
511 2336 695 2416 generaliora
710 2335 820 2398 sufficit
834 2337 919 2418 figna.
931 2337 1040 2399 Parium

78 2436 232 2517 proficeret
254 2437 394 2516 insignior
413 2438 554 2518 germinis
577 2437 766 2518 simplicis&
786 2438 957 2520 multiplicis
980 2438 1045 2504 dis-r

78 2558 175 2620 ,quae
194 2538 381 2618 Magnolias,
404 2540 528 2601 Anonas
551 2537 779 2621 Malvaceasque
799 2540 898 2620 plures
918 2539 1040 2601 Ranun·

78 2657 90 2701 s
109 2639 272 2700 admovens
295 2641 327 2700 ὅ(
347 2640 364 2699 ὲ
384 2638 500 2701 caete'ris
527 2638 715 2700 affiniorihus
740 2638 913 2720 segregans,
935 2639 1041 2701 seriem

78 2759 122 2803 em
143 2760 203 2802 non
229 2742 367 2823 profert,
398 2743 469 2822 quin
495 2741 596 2820 potiits
624 2741 759 2802 invertit.
786 2741 900 2801 Utilior
924 2757 962 2800 ex
980 2739 1043 2800 'litu

101 2841 132 2902 in
158 2840 290 2915 semine,
319 2861 356 2903 ex
387 2842 561 2922 petispermi
587 2841 742 2903 existentia
766 2854 818 2900 aut
841 2838 978 2909 desediu,
1000 2858 1040 2900 ex

78 2961 89 3000 r
106 2943 211 3003 naturd
227 2942 358 3003 caracter
376 2942 529 3016 educitur,
546 2941 576 3002 in
596 2942 679 3003 veris
697 2938 853 3001 ordinibus
865 2938 1041 3021 plerumque

78 3044 123 3104 nis
137 3063 170 3104 ac
181 3042 260 3105 forte
277 3045 429 3127 nunqudm
448 3045 550 3107 varius
562 3045 593 3104 iic
610 3043 679 3104 inde
691 3040 833 3103 stabiliori
852 3061 958 3104 eorum
973 3041 1040 3102 col-

78 3145 103 3206 ai
124 3146 303 3226 potiffimirm
329 3145 568 3226 impendendus,
587 3142 667 3226 quasi
685 3141 798 3207 unuse
820 3143 970 3224 primariis
987 3158 1040 3203 aut

78 3246 245 3307 cundarios
268 3245 357 3324 longe}
380 3247 472 3326 prior.
494 3246 706 3325 Perispermum
726 3243 799 3304 inest
818 3262 961 3305 corneum
979 3242 1041 3304 Ra·

78 3348 175 3421 tceis,
200 3347 382 3406 farinaceum
408 3346 669 3428 Caryophyllei5‚
695 3344 852 3407 carnosum
877 3342 1041 3418 Tiliacci5‚

80 3449 187 3516 dibus,
209 3436 318 3519 Cillis,
344 3445 485 3509 Rutaceis
506 3448 586 3516 δια,
610 3447 722 3507 nullum
745 3443 890 3526 plerisque
914 3443 1040 3506 caeteris.

78 3599 79 3604 ,
92 3545 207 3616 forma,
224 3548 253 3606 in
267 3545 389 3607 diversis
399 3545 552 3606 ordinibus
564 3547 667 3621 varia,
682 3546 713 3607 in
734 3543 849 3623 singulo
859 3542 1041 3618 conformia,

98 3667 176 3708 nunc
194 3648 352 3708 radiculam
371 3648 453 3724 juxt'a
469 3647 558 3707 lobos
583 3648 739 3708 incurvam
757 3646 787 3704 in
805 3643 1037 3722 Capparidibus,

80 3767 112 3824 s,
124 3750 289 3823 Aceribu5‚
299 3749 405 3821 cistis,
419 3746 672 3828 Caryophylleis,
682 3764 760 3805 nunc
771 3743 860 3804 lobos
871 3743 977 3822 partim
989 3764 1037 3807 re-

78 3871 94 3909 n
112 3849 303 3929 lllalpighiis‚
318 3850 473 3917 Geraniis‚
493 3867 570 3908 nunc
588 3846 707 3909 eosdem
725 3837 902 3922 corrogatos
914 3845 943 3903 iu
957 3845 1040 3905 Mal.

94 3969 173 4015 nunc
194 3951 365 4036 plerumque
380 3949 475 4014 renos
494 3950 523 4012 in
540 3945 676 4031 plurimis
695 3944 770 4011 aliis.
786 3942 861 4009 Inde
878 3941 984 4027 sepius
1000 3965 1037 4010 ex

790 4043 862 4145 Pa
