2580 4470
15 198 70 273 lun
82 190 417 293 Parammon
427 188 1020 293 ungransseaonnmitstneusun,

14 304 84 376 eres
104 308 189 373 solos
207 309 354 392 excerpsit
370 307 409 371 ad
427 308 503 370 banc
515 307 750 390 designationem
765 310 947 375 necessarios
960 318 1021 377 c&

14 412 146 490 mihis,
161 410 195 474 dt
217 429 288 474 tunc
307 411 338 473 in
356 426 502 493 generum
525 409 751 494 specierumque
773 412 1022 480 determinsiiolid

33 506 160 578 nomine
181 511 289 596 sepiiss
309 530 419 596 anceps
437 531 474 574 ac
493 511 547 574 fibi
569 520 630 574 iton
649 511 773 590 similis3
797 515 876 596 apud
895 517 1021 597 vulgum

13 614 73 679 suit
85 614 206 680 scietrtia
221 634 312 679 mette
327 613 598 686 nomenclationis,
611 622 673 677 non
685 616 778 679 menti
797 615 846 679 sed
863 619 1021 682 memorie

13 716 101 781 tende
122 715 294 801 praeprimis
312 714 429 780 idonea.
443 714 523 779 Cum
543 728 642 779 autem
658 710 789 780 stncerus
808 732 923 780 natura
942 728 1021 782 cona

13 818 106 897 lator,
117 819 212 902 ipsam
228 820 260 880 in
274 817 384 901 plantis
402 816 730 899 explorans‚teneatur
751 820 898 901 integram
914 825 1018 884 earum

14 922 177 988 ise'tionem
199 921 326 983 scrutari
347 939 384 984 ac
407 919 582 999 evolvere,
604 938 711 985 omnes
736 920 806 984 idei>
826 922 1020 1005 prosequitur

13 1044 83 1089 eres
96 1070 111 1098 ,
135 1024 170 1086 dt
197 1022 331 1105 neglesid
359 1022 506 1086 methodo
529 1024 687 1106 pauciores
714 1038 921 1099 memorante,
949 1032 1017 1086 ean't

12 1142 36 1189 n
60 1127 188 1210 inquirit
204 1141 273 1208 que
292 1126 392 1189 nullos
410 1125 555 1189 omittens
574 1125 606 1188 bt
627 1142 745 1189 mutuas
763 1126 898 1189 omnium
913 1125 1018 1206 delate*

12 1248 54 1291 ns
64 1228 244 1301 affinitates,
265 1225 433 1290 absolutam
446 1227 612 1311 plantarum
622 1229 827 1311 cognitionem
840 1227 1017 1309 suppeditat·

13 1330 163 1393 cdudittn
178 1328 303 1411 quaefita
316 1328 470 1392 ordinatio
485 1374 520 1410 ,,
539 1331 618 1393 inter
631 1329 834 1411 omneslonge
846 1331 1016 1411 praecipua,
1063 1336 1191 1408 Mamm

11 1432 80 1494 tere
103 1428 325 1507 uniformiq'ac
348 1430 497 1514 srmplex‚
516 1432 691 1495 affinitatum
713 1434 829 1515 legibus
849 1432 1019 1496 constanter
1034 1421 1156 1472 ¹²²ffl¹²¹¹⁸³

11 1551 147 1614 sperans,
159 1533 203 1596 est
213 1518 349 1613 mqllodus
365 1532 444 1595 dista
460 1535 594 1595 naturalis
604 1553 671 1614 quaa
684 1535 858 1613 omnigenas
870 1535 1020 1597 conneslit

11 1652 42 1695 as
55 1635 176 1698 vinculo
196 1634 348 1710 indiviso,
363 1636 396 1697 dt
412 1633 557 1717 gradatim
573 1634 591 1694 a
604 1632 730 1715 simplici
745 1632 782 1694 ad
800 1635 995 1715 compositam
1006 1678 1019 1705 ,

11 1724 145 1798 nims‘ad
163 1739 323 1801 maximam
346 1737 522 1800 continuath
540 1736 614 1800 serie
632 1735 771 1818 procedit
779 1764 792 1806 ,-
814 1728 895 1817 quasi
917 1724 1021 1796 similis

11 1855 42 1897 ne
59 1838 141 1919 cujus
164 1841 269 1904 annuli
290 1840 419 1906 totidem
443 1840 557 1925 species
574 1841 780 1924 specierumve
794 1838 950 1902 fasciculos
968 1859 1021 1901 re-

10 1952 121 2015 cusant,
147 1962 200 2004 aut
230 1961 355 2026 compat
377 1963 494 2027 mappae
515 1940 722 2025 geographicae
741 1936 754 1979 ⁶
775 1942 806 2002 in
828 1941 888 2023 qud
909 1941 1021 2022 spe'cies

10 2058 67 2103 rum
76 2040 167 2104 instar
180 2043 397 2107 distribuuntur
409 2060 462 2125 pet
472 2038 626 2107 territoria
639 2042 670 2105 δι
683 2043 861 2124 provincias
871 2042 903 2102 dt
919 2049 1021 2124 regnate

10 2141 44 2203 nd
65 2160 152 2225 parte
173 2146 339 2227 quemlibet
357 2144 500 2211 amulum
518 2154 587 2206 cum
609 2142 730 2206 duobus
750 2142 867 2205 lantum
888 2130 1021 2207 vicinio·

22 2244 230 2310 cobaetentetn
249 2245 409 2309 admittens
428 2245 595 2328 plantarum
606 2243 830 2308 circumscribit
839 2244 998 2309 affinitates
1007 2274 1032 2318 p

9 2343 80 2407 {tera
109 2344 231 2408 easdem
256 2346 420 2429 amplificat
448 2348 481 2409 &
506 2346 632 2428 singulas
655 2347 768 2427 species
795 2361 847 2408 aut
868 2330 1021 2428 'gelieticas

9 2446 85 2509 asse
111 2446 322 2510 ordinationes
342 2448 479 2531 pluribus
499 2448 699 2510 ambientibus
719 2444 875 2529 aequalitet
900 2459 1019 2511 conter=

9 2562 14 2605 ι
30 2546 173 2610 exhibet.
190 2547 352 2628 Utcunque
363 2549 391 2611 se
407 2568 455 2611 res
472 2548 597 2624 habeat,
611 2547 749 2629 genuinae
764 2545 927 2628 plantarum
942 2553 1020 2608 c'ona

9 2648 63 2712 nis
78 2650 115 2713 δι
135 2649 377 2733 praestantiffimae
393 2652 484 2726 hujus
505 2650 640 2713 methodi
661 2648 853 2725 existentiam·
865 2660 901 2709 a'c
919 2634 1021 2728 digni-s

8 2935 155 3017 Hellcsqno
168 2941 259 3018 magis
269 2943 428 3018 naturales,
442 2941 477 3003 eb
490 2943 592 3003 cacteris
601 2939 710 3014 paribus
720 2934 916 3011 prestantiores
927 2935 1018 3003 sunna:

8 3054 95 3095 mrum
107 3034 305 3098 botanicotum
316 3036 466 3099 hodiernus
476 3038 592 3108 labotin
601 3032 643 3095 his
652 3031 731 3094 sudat
745 3041 772 3092 dc
784 3024 917 3092 desudare
927 3033 1017 3093 decer.

8 3130 69 3191 ndns
86 3134 218 3192 naturalis
236 3133 300 3192 binc
315 3136 425 3194 ultimus
443 3134 505 3195 bnis
518 3135 662 3194 satanicas
679 3129 717 3188 est
727 3139 753 3189 dt
764 3132 824 3188 etit.
839 3129 923 3188 Linn.
936 3128 1015 3186 Phil:

8 3248 34 3285 a.
53 3238 118 3287 206.
140 3232 264 3288 Primum
278 3239 305 3289 δι
318 3231 446 3290 ultimum
462 3234 491 3291 in
510 3231 640 3290 botanice
657 3224 797 3313 quesitum
811 3224 852 3284 est
869 3223 1017 3283 methodus

7 3325 62 3382 alis.
84 3328 153 3384 Hac
175 3325 246 3384 adeo
268 3327 284 3384 i.
306 3329 445 3407 dotatricis
465 3327 554 3386 mimis
571 3324 662 3384 dosiis
679 3324 729 3383 vili
746 3319 854 3389 habita3
877 3314 1018 3387 insipien·-

7 3440 37 3480 ω
54 3421 121 3479 verb
138 3423 208 3480 tanti
230 3421 335 3495 semper
355 3421 505 3492 aeslimata,
520 3423 583 3481 licet
601 3419 707 3480 detctha
718 3417 840 3477 nondum
852 3459 858 3471 .
870 3456 899 3472 ..
917 3412 972 3471 Diti
987 3418 1015 3472 δι’

7 3516 66 3575 :ltt'a
80 3538 142 3575 earn
163 3518 357 3578 inveniendam
376 3518 525 3591 laboravi,
544 3519 612 3578 bend
632 3519 719 3576 multa
737 3535 796 3587 quae
811 3511 941 3599 adderem
959 3509 1015 3569 ob-

7 3610 162 3682 ,perficere
183 3633 242 3671 non
262 3617 339 3686 potui
356 3660 366 3685 ,
385 3617 591 3675 continuatutus
616 3613 682 3673 dtim
704 3614 808 3670 vixero.
831 3602 915 3663 Lina.
934 3605 1013 3680 Claffl

7 3715 65 3780 485.

6 3803 93 3862 santra
112 3827 169 3865 non
187 3804 256 3867 facit
275 3806 367 3869 saltus.
386 3806 488 3869 Plantae
500 3829 597 3868 omnes
614 3810 741 3878 utrinque
758 3798 919 3861 affinitatem
936 3820 1016 3859 mous

6 3916 29 3965 t,
43 3922 81 3961 uzt
97 3905 280 3965 Tetricorinm
299 3909 328 3967 in
345 3907 446 3979 Mappi
460 3905 652 3980 geographici.
667 3903 748 3960 Linn.
760 3898 839 3960 Plu.
854 3923 881 3959 η.
891 3883 945 3974 'pqs
980 3904 987 3914 '

805 4016 825 4071 C
842 3997 865 4090 ij
