2580 4470
1000 185 1067 267 231

78 307 297 384 adnascuntur,
315 305 356 370 ita
365 323 401 371 ut
412 305 557 370 corollam
572 306 755 370 mentiantur
766 307 1007 391 monopetalarn,
1017 312 1075 375 fla:

78 428 147 473 nam
163 426 216 471 aut
232 408 389 470 staminum
400 407 477 469 tubo
493 406 624 469 infixam.
639 405 674 466 In
690 392 929 490 Catyophylleis
950 411 1072 493 stamina

78 527 122 587 ta,
138 511 187 573 sed
198 510 275 593 saepe
285 506 455 594 petalorum
468 506 691 591 dupla,alterna
700 507 754 570 sub
765 509 893 590 pistillo,
903 511 1015 576 alterna
1024 533 1074 596 pe·

79 611 268 693 munguibus
278 609 468 681 inseruntur,
478 609 625 690 geminam
635 610 665 670 in
675 608 783 673 eodem
794 609 868 673 flore
880 611 1074 678 insertionem

78 713 149 777 tutia
167 734 175 774 :
195 712 274 775 undis
295 711 428 776 naturale
451 711 571 792 exurgit
589 711 767 793 principium
792 711 853 791 jam
874 733 903 795 p.
924 736 962 794 7¹
985 715 1018 779 dr
1041 717 1076 787 in

78 815 247 898 tprooemio
258 815 402 892 eddium,
411 833 474 896 quo
487 814 633 896 epipetala
642 813 798 874 staminum
811 812 936 877 insertio
947 815 1067 896 singulis

78 915 186 979 'sorsin
203 914 291 977 facilc
311 915 513 992 conciliatur,
533 914 627 976 modo
647 913 751 976 iisdem
777 931 922 996 congruat
944 917 1071 997 propria

79 1037 105 1081 ε
126 1016 276 1101 ipsiusmet
294 1015 483 1078 staminiserae
500 1015 633 1078 insertio.
651 1014 730 1078 Ciuu
749 1017 892 1097 pratered
909 1018 959 1081 lert
976 1019 1071 1083 altera

78 1135 110 1178 as
124 1115 319 1182 staminiseras
331 1116 434 1196 jubeat
442 1115 500 1178 esse
512 1115 698 1199 frequentius
710 1117 933 1201 monopetalas,
946 1118 1069 1202 Caryo·

78 1238 167 1281 arum
185 1217 284 1301 petala
303 1216 516 1300 nonnunquam
525 1217 586 1279 basi
599 1217 771 1282 coalescunt
786 1233 821 1281 ut
831 1219 864 1280 in
880 1219 1067 1300 Malvaceis,

78 1319 174 1403 emplo
195 1318 370 1400 Saponariae
391 1294 628 1400 Anglicaesortd
647 1337 710 1382 non
728 1320 848 1397 unico,
869 1318 902 1382 in
920 1323 1068 1387 corollam

78 1418 298 1500 monopetalam
317 1418 496 1500 quandoque
518 1419 723 1483 concrescunt.
741 1418 820 1502 Qud
839 1419 940 1502 plures
963 1436 1063 1485 autem

78 1517 206 1601 infringit
220 1519 383 1600 exceptio,
401 1518 441 1581 ed
460 1519 559 1581 rarior
575 1540 583 1581 :
602 1519 672 1583 inde
695 1521 834 1602 pradisla
850 1519 976 1584 corollae
992 1540 1084 1583 con-¹

78 1646 83 1679 t
105 1620 229 1683 calicem
248 1620 483 1702 monophyllum
501 1619 551 1702 (p.
575 1639 624 1702 93.
647 1620 735 1702 154)
752 1622 784 1684 ὃ(
801 1620 924 1685 slamlna
945 1622 1067 1685 definita

78 1721 172 1804 piens,
190 1721 221 1782 in
240 1720 397 1782 ordinibus
413 1720 506 1782 calice
520 1720 707 1803 polyphyllo
728 1721 874 1784 inslruslis
894 1720 994 1787 minus
1012 1737 1065 1784 aut

79 1821 261 1897 admittitur,
281 1819 313 1882 δι
334 1820 366 1881 in
380 1819 553 1883 staminibus
564 1819 725 1884 indefinitis
739 1840 805 1894 nou¹
814 1820 897 1885 valet
908 1821 963 1884 nifi
981 1821 1066 1904 priirs

78 1923 136 2008 ῃ..)
149 1923 259 1985 horurn
269 1921 436 1985 coaluerint
450 1920 608 1985 silamenta.
619 1922 755 1987 Corollae
771 1922 899 1987 desesius
914 1925 948 1985 in
961 1924 1067 2017 papcis

78 2023 216 2106 >phylleis
236 2022 267 2083 δι
283 2023 477 2106 paucioribus
490 2023 656 2086 Malvaceis
672 2023 704 2086 u
721 2024 776 2087 vix
792 2025 823 2086 in
836 2023 905 2086 aliis
921 2023 1065 2088 observa·

78 2122 164 2187 ratior
175 2125 207 2185 in
219 2123 373 2186 staminum
388 2124 629 2206 hypogynotum
643 2124 693 2207 (p.
708 2124 757 2205 87.
768 2125 781 2208 )
794 2125 925 2207 quintin
941 2125 1064 2209 perigy·

78 2225 151 2308 usp.
161 2225 233 2305 74.)
254 2223 396 2287 claffibus.
413 2224 477 2288 Cur
495 2224 537 2289 src
557 2226 652 2293 ,varia
674 2223 844 2308 discrepant
862 2226 1063 2290 insertiones?

78 2325 187 2411 liversae
198 2327 229 2387 in
240 2325 343 2388 iisdem
361 2326 515 2389 ordinibus
530 2327 722 2410 exceptiones
738 2327 949 2391 cumulantur?

374 2667 410 2739 Ο
434 2667 468 2740 R
491 2666 528 2739 D
553 2667 588 2739 Ο
636 2668 664 2739 Ι.

78 2850 440 2929 maculaeve,
472 2856 560 2917 aas
591 2836 1061 2944 nnuoucuancsaa

78 3070 150 3124 uix
180 3051 436 3153 polyphyllus‚
467 3050 650 3124 interdum
676 3048 805 3124 nullus.
832 3046 953 3122 Petala
978 3044 1062 3120 defi-

78 3143 220 3246 >sapitis
268 3152 413 3248 uinque.
435 3147 595 3222 Stamina
615 3146 801 3221 indefinita
820 3148 874 3238 (in
888 3140 1065 3247 Myosuro

78 3245 145 3334 ita)
161 3272 170 3326 3
195 3264 258 3318 ant
285 3270 349 3316 erac
375 3243 563 3318 filamentis
579 3242 727 3318 adnata.
744 3243 918 3316 Gennina
933 3240 1062 3336 plura,

78 3338 161 3412 inita
181 3361 243 3414 aut
268 3338 414 3413 definita
436 3340 571 3432 (tarius
602 3345 801 3431 unicum),
836 3333 1064 3433 receptaculo

78 3440 162 3508 nuni
180 3435 366 3535 imposita3
394 3438 588 3536 unicuique
616 3438 721 3542 stylus
745 3437 870 3509 unicus
894 3450 956 3504 aut
979 3428 1064 3503 rari)

79 3557 114 3615 s3
140 3532 265 3631 stigma
286 3533 445 3632 simplex.
470 3530 628 3633 Capsulae
659 3531 811 3608 totidem
832 3587 844 3617 ,
864 3545 926 3602 aut
951 3526 1063 3599 rarids

78 3653 117 3718 c,
142 3632 180 3701 in
204 3630 280 3703 aliis
296 3628 553 3729 monospermae
571 3656 646 3704 non
668 3626 905 3727 dehiscentes,
927 3624 965 3695 in
986 3620 1064 3696 aliis

78 3721 209 3824 'permae
235 3725 330 3800 intuis
361 3723 634 3815 semibivalves‚
671 3719 893 3820 marginibus
922 3714 1064 3828 semini-

97 3822 296 3896 Corculum
325 3827 519 3897 minimum
549 3827 587 3896 in
614 3821 764 3922 superni
791 3820 943 3891 cavitate
967 3829 1064 3914 pen·⁸

78 3921 105 3993 ii
139 3923 262 4035 cornei
298 3923 434 4021 magni.
467 3921 587 3997 caulis
619 3919 832 4020 plerumque
857 3911 1062 3990 herbaceus.

812 4032 884 4130 1²4
