2580 4470
166 218 250 324 ⁴94¹
378 201 1055 313 Cnnss1,sVlII,OlluoI.

147 368 149 375 ’
171 348 214 409 iti
228 364 264 409 ut
284 347 389 410 seriem
409 349 487 411 haud
504 350 696 429 interruptam
714 336 904 427 constituant.
922 351 1039 427 Horum
1056 351 1187 433 primarii

169 449 297 512 raderes
313 468 350 510 ell
369 448 477 511 semine
493 448 620 521 bilobo,
643 468 680 510 ex
701 451 824 511 corollae
846 453 1045 532 monoperalae
1068 452 1100 513 dc
1122 452 1190 513 stam

168 548 239 612 serae
263 540 441 630 hypogynid
462 547 664 624 deducuntur3
691 535 854 622 secundarii
873 551 904 611 in
929 551 1053 613 diversls
1076 553 1192 614 delitesc

167 652 301 733 partibus
318 650 377 729 jam
393 648 481 730 suprr'l
502 649 674 710 memoratis
696 649 727 708 dt
747 651 899 733 praecipue
920 634 954 712 in
968 635 1065 716 frudlu
1085 654 1192 733 cujusl

133 801 136 806 .
166 749 676 842 tanmfflmniendus.loculorum
701 769 868 837 numerus,a
884 752 933 813 sed
954 754 986 814 dt
1012 754 1083 816 sltus
1106 754 1192 815 semin

165 838 201 916 ac'
219 840 413 932 dlneplmeml
438 847 539 909 valvis
560 849 657 908 aaran
678 866 730 910 aut
749 851 902 932 appliciti,
922 852 1024 913 lluem
1044 855 1177 935 paralleli

165 951 294 1035 opposlti
313 972 321 1011 :
340 949 409 1013 inde
429 949 555 1032 praesens
573 950 703 1012 instituta
724 952 862 1014 ordinum
880 953 1066 1032 distributio,
1087 957 1145 1037 jam
1165 976 1192 1017 ar

162 1053 276 1136 pluries
287 1053 473 1144 immutata,
494 1071 573 1113 nunc
589 1052 695 1115 iterum
713 1053 863 1130 elaborata
877 1103 894 1133 ,Ι
907 1071 1043 1139 tempore
1060 1058 1192 1138 perficiet

162 1151 296 1216 Prostaut
317 1151 415 1234 primd
431 1150 543 1214 studius
565 1150 759 1215 unildculares
778 1155 807 1212 dl
827 1159 1003 1238 plerumque
1017 1147 1183 1239 capsulare's

162 1253 320 1336 ceptaculo
336 1251 506 1315 seminlfero
525 1253 645 1314 centrali
663 1253 756 1338 (Ord.
777 1255 816 1337 1)
836 1257 937 1318 libero
947 1278 957 1330 3
974 1258 1041 1319 dein
1061 1260 1153 1322 iidem
1172 1261 1190 1320 b

57 1394 75 1434 χ
161 1356 276 1442 culates
290 1355 496 1437 dissepimento
510 1352 679 1445 semillisero
698 1358 804 1418 mediis
815 1358 912 1419 valvis
924 1360 1032 1421 adnoto
1046 1379 1082 1421 ac
1094 1361 1193 1442 opposl

159 1456 274 1548 tardius
302 1453 442 1537 (siant
464 1453 554 1517 citilts
569 1453 849 1544 ¹¹(.3-4)4solubili‚
886 1450 1132 1543 &receptaculo
1156 1462 1192 1542 igi

159 1558 278 1640 gemino
303 1555 418 1619 laterali
442 1554 600 1637 vulvisque
623 1557 723 1618 medio
744 1557 925 1620 seminiferis.
949 1554 1118 1623 Succedunt
1139 1562 1190 1625 sem

158 1659 348 1742 receptaculo
373 1677 436 1719 non
462 1658 574 1719 laterali
599 1656 656 1732 sed·
671 1657 807 1720 inferiori
830 1660 866 1725 dt,
880 1652 1144 1742 depreslo'infillm
1162 1683 1192 1725 nl

94 1820 96 1824 r
158 1761 285 1825 baccato
296 1755 407 1822 inclusa
422 1759 591 1840 pericarpio
602 1760 669 1842 (4-5
682 1759 719 1841 )‚
736 1779 815 1823 nunc
832 1761 911 1822 nuda
927 1761 1002 1844 (5-6
1013 1763 1035 1839 ).
1058 1763 1192 1826 Continui

77 1917 79 1920 r
157 1863 234 1927 serie
249 1855 467 1943 receptaculum
492 1859 565 1919 illud
588 1876 660 1921 runc
680 1860 810 1922 centrale
832 1861 937 1923 sensim
959 1865 1128 1944 prominet,
1147 1863 1190 1924 lin

67 1965 69 1968 ’
157 1965 281 2043 dilatato
299 1963 399 2033 vicem
416 1961 448 2022 δι
467 1959 593 2025 sormam
616 1960 738 2036 induens
760 1961 955 2042 dissepimenri
975 1963 1076 2026 valvis
1091 1964 1192 2046 parallel

157 2065 327 2128 earumdem
342 2063 524 2145 marginibus
543 2063 658 2139 adnati,
684 2064 784 2137 medio
806 2058 972 2144 insolubilis
989 2085 1023 2126 nc
1040 2064 1189 2128 seminiseri

156 2166 271 2247 capsula
291 2163 391 2248 (7-8)
407 2179 458 2224 aut
470 2163 561 2224 baccd
578 2147 655 2245 (8)’‚
671 2154 798 2245 utrisque
819 2164 985 2226 biloculati.
1000 2167 1120 2228 Mutato
1137 2167 1192 2228 habi

155 2265 254 2342 denud
275 2260 436 2353 depressum
457 2309 468 2336 ‚
491 2262 659 2326 seminibus
669 2266 820 2345 obtegitur
839 2266 925 2327 nudis
948 2266 1010 2346 (9)
1027 2284 1079 2328 aut
1100 2270 1192 2328 inbac

154 2368 291 2436 nucleari
305 2365 482 2458 reconditis
492 2364 608 2427 Rurslls
627 2366 656 2426 in
670 2366 838 2446 pericarpio
855 2366 984 2427 centrale
999 2386 1033 2427 ac
1050 2368 1192 2448 septiferur

53 2502 55 2506 ·
104 2538 105 2542 ,
153 2469 204 2532 sed
223 2468 323 2531 valvis
339 2485 400 2529 non
421 2467 578 2540 adnutum,
602 2465 697 2526 limbo
721 2465 870 2536 solubile,
890 2468 1039 2546 trigonum
1063 2469 1181 2550 (loll)

151 2568 251 2637 frudlu
273 2567 465 2640 tt'iloculari.‚
477 2566 598 2646 planum
618 2584 670 2628 aut
688 2584 795 2648 anceps
816 2564 903 2646 (12)
924 2569 956 2626 in
975 2568 1151 2644 biloculari‚
1168 2588 1192 2629 vl

117 2669 121 2675 ’
152 2691 260 2734 varum
280 2669 463 2748 'marginibus
483 2682 533 2729 aut
551 2668 639 2728 costae
657 2669 763 2729 mediae
784 2667 951 2748 apponitur.
971 2669 1014 2729 Ut
1034 2669 1190 2750 receptacul

110 2822 112 2826 l
152 2772 240 2836 sic&
258 2760 357 2850 ualuis
375 2767 524 2834 inrerdbm
534 2770 677 2831 tribuitur
695 2769 888 2850 dissepimenti
905 2789 1028 2843 munus,
1044 2771 1115 2831 dum
1131 2772 1192 2830 scilic

152 2872 317 2936 introflexae
343 2871 470 2934 studium
498 2872 679 2934 constituunt
703 2891 780 2933 nunc
811 2871 969 2952 slmplicem
990 2870 1074 2951 (13)
1098 2872 1190 2932 bilocu

151 2996 217 3048 rem
228 3001 246 3050 ’,
260 2991 339 3036 nunc
351 2973 533 3053 duplicatum
559 2979 567 3049 l
582 2975 638 3054 14)
654 2973 762 3034 loculis
779 2973 921 3034 distindlis
937 2990 971 3032 ac
992 2971 1192 3035 divaricatiss

151 3077 353 3143 ex'interiore
372 3063 492 3147 ἱτιιᾶυ,
512 3072 637 3135 admissis
660 3089 757 3134 tamen
778 3072 1025 3154 exceptionibus,
1040 3072 1191 3152 'depromit

151 3178 290 3245 ordinum
307 3174 437 3236 carauer
451 3169 522 3235 aliis
533 3176 622 3237 etiam
640 3174 749 3236 ditatus
760 3173 848 3253 signis
859 3184 897 3235 ex
912 3173 1068 3234 slaminum
1091 3191 1192 3235 numen

58 3268 60 3272 ’
151 3275 277 3343 ‘corollae
297 3272 396 3336 formd
417 3271 475 3333 dle.
492 3271 654 3352 desumptis
671 3294 678 3331 :
694 3288 829 3352 praeeunt
846 3273 944 3348 enim,
963 3273 1067 3352 paucis
1082 3269 1192 3351 'excepti

150 3377 273 3440 flamina
295 3392 421 3439 numero
443 3372 526 3454 palia
547 3372 657 3452 (Ordo
680 3373 756 3453 2-7)
782 3373 845 3434 duo
868 3390 919 3434 aut
942 3391 1070 3454 quatuor
1095 3394 1106 3447 ;
1133 3369 1192 3434 subl

150 3494 283 3562 quunrur
304 3475 407 3539 eadem
431 3482 557 3536 numero
578 3470 725 3555 imparia,
749 3474 858 3557 saepiils
884 3472 1157 3555 quinque=(8-l4)
1179 3490 1192 3532 a

88 3619 94 3638 r
149 3574 354 3660 raribs'plura
380 3573 470 3660 (15).
493 3574 626 3639 Corollae
653 3577 742 3638 etiam
770 3576 907 3658 plurimae
930 3575 1081 3655 regulares
1111 3575 1142 3634 in
1167 3572 1192 3634 0

149 3680 268 3752 dinibus
297 3698 335 3753 1,-
355 3697 397 3754 4,
415 3676 451 3753 8,
469 3696 507 3758 9,
530 3695 581 3752 ιο,
605 3695 659 3750 lt,
684 3697 739 3760 13,
760 3697 817 3751 14,
839 3694 897 3756 ις,
918 3675 1095 3756 irregulares
1118 3672 1192 3734 inO

149 3781 271 3842 dinibus
286 3800 382 3863 2‚·3,
404 3797 442 3858 ς,
459 3778 495 3851 6,
515 3798 558 3858 7,
582 3797 626 3839 12.
643 3777 834 3858 Regularium
855 3778 976 3839 stamina
996 3778 1102 3838 harum
1120 3777 1189 3837 lucin

150 3889 280 3944 numero
292 3878 425 3960 aqualia
449 3877 482 3940 &
506 3876 611 3958 saepiils
632 3873 778 3953 alterna‚'
791 3878 893 3940 iisdem
914 3896 1014 3944 tamen
1039 3892 1192 3958 opponunt

148 3982 183 4046 in
202 3980 453 4066 Lysimachiarum
471 3976 579 4044 ordine
589 3980 732 4046 caeterllm
747 3980 926 4046 uniloculari
945 3981 978 4045 u
993 3981 1153 4065 proptered
1166 3980 1191 4043 al
