2580 4470
1080 160 1144 259 38³

78 303 170 360 icocco
189 299 278 360 coccis
294 297 368 359 inttis
391 286 594 359 dehiscentibus
613 286 834 369 tuphorlimm
850 313 939 359 more.
949 297 1003 360 =An
1021 300 1086 361 inde
1103 303 1149 363 di-

78 372 194 433 idendus
211 370 299 432 ordo?
319 377 361 431 An
378 373 473 431 contr'a
491 369 587 430 reffltis
607 371 793 432 coordinonda
809 370 944 434 Rhamnis
962 390 1064 450 genera
1082 396 1147 451 get·

78 448 140 506 uine
154 444 245 506 infero
263 445 412 517 instructa,
429 461 460 504 ut
474 447 620 513 Gouania,
640 444 794 505 Pleuronia
814 452 887 506 &ol
905 449 1019 510 Corolla
1036 447 1148 508 submo-

78 521 190 593 opetala
206 522 301 580 Ilicem
315 529 343 580 δι
360 516 483 581 confines
498 517 635 579 tantillum
652 519 781 583 admovet
795 523 901 594 Saporis
918 544 944 596 p.
960 542 1033 598 151,
1051 521 1147 584 habitu

78 614 118 655 on
136 592 246 667 prorsuis
263 589 384 657 dillonis.

320 939 694 1029 CLASSIS
758 936 883 1037 XV.

117 1140 335 1220 PLANTAE
372 1136 798 1218 DICOTYLEDONES
834 1129 1084 1228 APETALAE.

246 1328 562 1395 srnmtux
600 1329 968 1411 tomorum

554 1493 656 1542 SEU

138 1643 165 1698 n
214 1640 565 1699 utss1xto
618 1627 1069 1707 suentense.

77 1759 138 1896 ,Ξι
150 1838 176 1890 0
188 1833 275 1891 RES
303 1836 401 1887 nunc
421 1813 585 1886 mouo'ici
608 1807 669 1886 seu
689 1809 839 1889 masculi
854 1807 1032 1895 foemineis
1046 1827 1151 1901 mixti

78 1964 95 2011 ι
126 1934 252 2009 eidem
277 1933 429 2033 plant&
460 1956 557 2008 nunc
585 1931 697 2009 diolci
720 1930 780 2009 seu
804 1936 842 2009 in
873 1932 1150 2036 animalculi,

78 2056 226 2134 aeminei
239 2055 277 2126 in
292 2051 405 2125 alteri
415 2078 426 2134 3
438 2074 537 2126 nunc
554 2053 723 2127 rotiffime
736 2052 1033 2156 hermaphroditi.
1047 2062 1152 2139 Colix

78 2168 229 2247 mnibus
252 2167 511 2272 monophyllus
535 2189 597 2244 aut
622 2166 773 2271 squamu'
799 2172 959 2248 calicem·
973 2173 1151 2280 supplens.

78 2289 208 2365 :osolla
237 2285 359 2377 nulla,
387 2282 448 2360 sed
477 2287 663 2364 interdum
699 2286 856 2391 squamae
890 2314 954 2368 aut
988 2294 1150 2375 divisurae

78 2409 215 2485 alicinae
245 2408 428 2481 interiores
455 2404 680 2506 petelo'ideae.
714 2406 884 2485 Masculis
913 2411 1061 2492 floribus
1088 2421 1151 2497 sta-

78 2528 159 2625 uina
192 2530 268 2602 imo
306 2547 369 2601 eut
403 2522 548 2604 summo
581 2528 685 2604 calici
715 2550 778 2604 aut
810 2527 968 2630 squamae
999 2537 1150 2613 calicem

78 2628 235 2751 fipplenti
258 2644 417 2735 inserte,
446 2646 596 2721 definito
612 2668 676 2721 aut
700 2630 812 2722 torius
834 2647 1047 2743 indefinita,
1073 2656 1150 2730 fila-

78 2770 187 2843 sentis
219 2766 386 2840 distinctis
418 2784 482 2837 eut
512 2762 624 2836 rarius
651 2763 789 2836 coalitis
820 2766 860 2835 in
886 2765 1040 2864 stipitem
1068 2797 1151 2867 cen-

78 2884 184 2963 ulem
218 2884 238 2956 ὲ
274 2880 396 2956 medio
432 2880 552 2953 calice,
578 2896 737 2953 enatum.
769 2879 930 2954 Germen
968 2879 1149 2963 foemineis

78 3006 208 3107 mplex
228 3023 290 3077 aut
315 2999 499 3075 interdum
519 2997 733 3098 multiplex,
758 2994 926 3100 superum
953 3025 1016 3080 aut
1037 3010 1149 3085 rarius

78 3110 235 3205 lferum3
261 3120 366 3222 stylus
389 3123 515 3194 unicus
532 3138 595 3192 aut
615 3115 807 3217 multiplex
828 3139 889 3195 aut
903 3119 986 3198 raro
1006 3127 1147 3215 nullus;

78 3228 187 3337 igme
222 3235 370 3336 simplex
400 3255 463 3310 aut
496 3234 698 3334 multiplex.
734 3235 880 3309 Fructus
913 3237 1058 3339 superus
1086 3268 1148 3321 aut

78 3350 218 3449 lferus,
242 3352 413 3429 structure
440 3356 483 3429 &
508 3352 716 3428 loculorum
741 3379 893 3428 numero
917 3362 1048 3433 varius.

90 3552 183 3613 ons.
209 3543 274 3606 lam
295 3545 324 3604 in
343 3545 447 3607 decem
473 3540 608 3607 claffibus
633 3541 791 3604 numerosa
816 3545 988 3624 comparuit
1008 3546 1148 3614 ordinum

78 3646 314 3731 totyledonum
341 3644 460 3722 series,
492 3662 571 3707 nunc
605 3640 822 3724 impedimentis
851 3642 948 3704 soluta
973 3643 1064 3727 pleno
1096 3651 1150 3713 de-

78 3762 186 3815 rrens
203 3747 314 3821 tractu,
330 3763 411 3808 nunc
429 3744 585 3827 operosius
610 3744 775 3826 procedens
798 3743 972 3829 amhagibus
992 3745 1150 3823 intricata,

78 3856 189 3919 tubus
206 3851 236 3911 in
256 3849 360 3909 eodem
371 3846 447 3908 flore
463 3845 629 3927 conjunclis
643 3843 816 3926 superbiens
826 3888 837 3920 ,
847 3843 879 3905 δι
897 3845 1056 3925 pauciores
1072 3852 1149 3917 datis

78 3951 290 4042 ceptionibus
300 3949 411 4031 plantas
421 3949 530 4013 abortu
540 3948 663 4014 diclines
673 3945 840 4028 complexa.
850 3945 995 4027 Notmulli
1005 3956 1150 4032 praeterea
