2580 4470
1083 110 1157 208 xiiij

10 224 16 233 ¹
81 245 271 325 mmmmm
290 195 373 312 Huic
389 245 564 330 probationi
581 244 744 328 plurimum
763 244 924 310 conferunt
942 247 1101 330 suprddidi
1114 268 1162 313 or·

10 360 17 369 ·
77 344 148 408 does
169 348 324 412 naturales
342 367 424 410 nunc
443 347 600 422 admits,
592 368 624 409 ιιι
643 348 752 430 quibus
767 364 919 410 tentantur
940 350 1161 431 promulgandae

10 449 17 473 ²
67 444 140 528 ξε
156 450 311 513 bonnicae
327 497 337 526 ,
352 449 523 512 accuratius
542 453 758 513 conservande
775 449 846 513 dium
861 450 935 511 nulli
951 449 1161 513 contradicunt

66 548 183 624 ordini,
197 549 401 639 incrtndianter
422 549 595 631 rejiciendae
617 550 639 611 si
658 550 707 612 vel
726 550 778 612 uni
796 566 970 630 repugnent.

104 658 150 711 1⁰.
166 650 337 715 &naeres
351 654 384 717 in
401 653 559 718 ordinibus
575 653 737 735 plurimum
761 668 814 715 aut
836 652 1049 734 nonuunquim
1067 651 1161 714 insta-

64 749 142 812 biles
156 750 193 813 iis
209 754 359 835 primario
376 754 554 839 definiendis
569 755 737 819 nullatenus
757 755 943 824 inserviunt,
961 755 1030 835 quia
1045 752 1160 833 figssum

63 852 293 918 inordinatione
304 857 424 939 partiali
442 858 584 935 varium,
603 858 635 919 in
649 857 829 940 generaliori
843 855 978 939 profesio
991 874 1051 916 non
1069 854 1159 914 valet·

58 956 324 1039 Iuddablegantur
331 975 432 1043 partes
442 961 474 1023 in
484 961 646 1043 generibus
654 960 842 1023 coordinatis
853 957 1001 1020 interdum
1012 954 1161 1036 saepiirsve

56 1076 116 1119 non
136 1059 340 1136 conformes,
355 1076 390 1123 ut
402 1061 506 1132 radix,
518 1062 612 1124 cardis
624 1061 655 1122 da
670 1061 754 1125 solia.
769 1061 868 1123 Radix
884 1060 913 1120 in
929 1060 1065 1121 Liliaceis
1079 1076 1159 1121 nunc

53 1160 199 1225 tuberosa
225 1178 312 1224 extat
330 1183 411 1226 nunc
434 1164 604 1246 capillacea.
626 1164 871 1247 Compositarunr
896 1161 970 1225 solia
995 1162 1063 1224 sunt
1084 1180 1160 1243 pro-

54 1260 172 1324 miscue
192 1263 312 1325 alterna
327 1281 380 1327 aut
397 1264 556 1346 opposita,
573 1266 713 1348 simplicia
730 1283 782 1328 aut
800 1261 1157 1345 pinnata..Legumiuosae

10 1400 12 1409 =
53 1360 315 1427 &Umbelliserae
330 1365 363 1426 in
381 1365 450 1426 aliis
464 1366 572 1427 dautru
586 1366 758 1443 herbacea,
779 1369 808 1429 iu
828 1366 896 1428 aliis
915 1365 1158 1427 fruticanturaut

10 1516 13 1529 .
53 1464 264 1529 arborescunt.
280 1463 358 1529 lude
379 1468 470 1530 etiam
486 1487 550 1530 non
568 1467 702 1531 tediis
694 1489 726 1528 ιιι
747 1469 855 1550 plantis
875 1466 1074 1530 discernendae
1092 1465 1159 1529 sunt

10 1566 14 1637 't
54 1566 159 1628 berbaa
175 1568 359 1631 &arbores
380 1589 470 1650 quarn
489 1569 523 1629 in
543 1569 757 1631 Animantibus
774 1569 1014 1650 quadrupedibus
1033 1568 1159 1649 Elephas

61 1667 95 1726 dc
119 1668 219 1742 Mus,
234 1670 264 1730 in
285 1669 410 1731 Avibus
434 1669 574 1730 Struthio
597 1668 629 1730 dr
650 1669 827 1738 Trochilus.
844 1667 992 1729 Praeterea
1011 1668 1104 1728 caulis
1127 1671 1161 1729 &

62 1765 139 1829 solia
161 1772 339 1854 quandoque
360 1771 469 1841 nulla,
491 1770 564 1835 ided
589 1771 757 1852 precipuas
780 1771 860 1833 inter
883 1785 984 1852 partes
1008 1770 1160 1831 numerari

66 1890 223 1952 nequeum.

103 1990 145 2033 ιο.
167 1974 306 2036 Primarii
331 1975 425 2056 igitur
449 1974 611 2037 carasieres
637 1974 670 2034 in
697 1972 833 2055 partibus
859 1971 1099 2035 frudificationis
1124 1972 1158 2032 dc

68 2074 269 2155 preprimisin
285 2075 486 2141 essentialibus
504 2074 700 2147 delitescunt3
718 2074 789 2134 inde
808 2073 908 2135 minius
922 2089 1065 2135 curantur
1076 2073 1157 2136 calix

69 2172 100 2234 ir
116 2175 253 2251 corolla,
277 2179 350 2257 quia
372 2192 534 2259 utrumque
556 2174 630 2235 illud
649 2174 884 2255 integumentum
904 2175 1002 2236 minus
1026 2156 1154 2237 necessa-

70 2274 254 2351 numlimul
274 2294 328 2338 aut
345 2276 512 2359 siugulatim
525 2278 634 2358 absque
648 2277 730 2338 noxi
740 2276 857 2352 deficit,
869 2277 945 2339 flore
959 2274 1156 2338 nihilominus

10 2402 22 2445 ι
75 2374 109 2435 td
122 2379 342 2455 generationem
359 2398 431 2461 apto
443 2379 475 2439 δι
488 2380 558 2442 ided
572 2379 713 2462 persedo.
733 2380 853 2441 Horum
871 2378 992 2458 insuper
1011 2378 1156 2458 praecipui

10 2516 27 2547 .-
80 2478 239 2561 qmdoque
255 2480 390 2541 titubant
400 2482 581 2558 caederes,
599 2481 722 2543 sociatis
737 2482 767 2541 in
788 2481 896 2544 eodem
908 2481 1015 2542 ordine
1030 2479 1156 2541 corollis

84 2583 260 2663 numpetalis
271 2584 305 2645 &
317 2582 517 2666 polypetalis‚
531 2584 625 2646 calice
641 2583 747 2666 supero
763 2582 796 2645 dr
813 2583 935 2654 insero,
951 2582 1154 2667 monophyllo

10 2708 34 2746 :-
88 2676 311 2766 &polyphyllm

10 2802 37 2845 a
119 2796 152 2861 3⁰.
162 2784 292 2846 Exclusis
310 2784 451 2847 calice&
465 2785 603 2860 corolld,
621 2786 687 2866 jure
707 2773 991 2867 prodeunt‘organa
1006 2785 1157 2862 serualia,

10 2886 42 2943 ·i-
93 2876 175 2959 ipetiu'
195 2887 394 2970 propagandae
417 2887 578 2950 necessaria
604 2886 637 2946 dr
661 2887 714 2969 ipsi
739 2903 811 2947 tunc
834 2885 1015 2964 essentialia,
1040 2888 1154 2971 quaesr

10 3004 44 3043 r·
94 2978 177 3046 dorm
191 2986 283 3048 defint
301 2988 332 3048 in
354 2988 535 3063 individuo,
558 2988 632 3049 nihil
656 2987 726 3049 inde
749 2986 940 3069 consequitur
960 2989 1013 3050 nist
1038 2991 1154 3072 imper-

10 3086 45 3145 ri
90 3076 172 3148 burm
189 3089 298 3171 plantae
312 3087 463 3170 specimen
478 3090 497 3151 ai
516 3090 624 3152 naruri
642 3090 785 3153 abludens
801 3092 835 3153 δι
850 3091 882 3151 in
896 3091 1057 3153 universali
1076 3090 1154 3153 serie

10 3201 46 3256 >3
89 3185 185 3252 nillum.
199 3192 276 3254 Haec
297 3210 370 3252 vera
388 3191 510 3271 perfesii
531 3192 615 3252 sloris
634 3210 748 3273 organa
763 3190 848 3252 simul
867 3193 1037 3276 conspirant
1055 3194 1086 3252 in
1101 3210 1153 3268 ge·

10 3308 43 3346 m
85 3290 244 3352 urrationem
258 3291 379 3354 seminis
395 3291 447 3353 seu
464 3289 572 3353 futurae
588 3292 728 3372 plantulae
744 3312 812 3374 quae
825 3311 938 3356 novam
956 3288 1152 3374 germinando

86 3384 223 3468 ingreditur
238 3396 352 3468 vitam,
369 3394 449 3455 uitri
466 3392 635 3476 processura
651 3393 746 3457 donec
758 3394 945 3460 conformem
959 3392 1062 3455 debito
1075 3405 1150 3453 tern-

10 3492 47 3550 ›ls
84 3507 140 3569 pure
158 3496 270 3575 prolem
287 3495 457 3577 susceperit.

10 3593 33 3650 ii
112 3593 153 3666 4⁰.
167 3596 296 3678 Expleto
315 3617 437 3659 munere
449 3596 592 3660 decidunt
611 3597 731 3661 stamina
742 3617 811 3660 curn
823 3599 929 3679 stylis,
946 3594 982 3655 ad
997 3593 1026 3654 id
1035 3596 1150 3660 tantirm

10 3725 28 3750 .·
80 3693 148 3757 utilia
164 3718 195 3760 ut
219 3700 339 3762 seminis
356 3701 437 3761 inttai
455 3699 583 3764 frudum
605 3703 753 3765 reconditi
767 3700 1005 3763 secundationem
1026 3719 1151 3781 operen-

15 3830 26 3844 -
79 3812 179 3862 eraut
199 3820 416 3882 promoveant.
437 3802 510 3864 Inde
533 3801 630 3866 semen
654 3821 705 3866 aut
724 3802 833 3865 reslibs
856 3801 1008 3862 corculum
1030 3800 1149 3881 inipso

12 3935 23 3949 -
79 3892 257 3978 blitescens,
283 3905 413 3985 primurn
432 3904 561 3986 junioris
581 3908 691 3989 plantat
712 3905 934 3979 rudimentum,
958 3922 1028 3989 pars
1050 3902 1092 3966 eli
1116 3903 1148 3965 in
