2580 4470
196 211 207 280 l
446 280 450 285 ,
855 306 857 311 ,
968 282 993 309 „

146 325 283 411 &dores
294 327 431 390 axillares
440 347 451 402 ;
465 329 546 392 unde
559 328 681 411 quidam
699 331 827 394 tertiarii
840 330 871 394 in
887 331 992 395 ordine
1009 330 1129 395 caeteris
1147 327 1253 393 minu·
1278 340 1286 349 ’

81 498 85 505 ,
147 425 212 487 sunt
231 426 422 517 constantes,
448 430 500 511 qui
520 446 619 492 tamen
641 430 776 494 seorsum
793 452 855 494 non
873 433 957 496 simul
981 435 1058 496 varii
1076 430 1265 513 generalem·
1289 463 1290 466 ¹

78 524 81 531 ’
148 527 263 588 ordinis
279 531 464 591 caraderem
479 550 541 592 non
559 549 744 614 pervertunt.
762 533 819 594 His
834 533 980 613 praetereit
994 534 1145 596 adduntur
1158 531 1243 614 pauci

99 630 101 635 ’
146 624 306 689 inferiores
334 629 414 709 quast
435 631 610 710 quartarii,
639 630 813 713 quibusdam
836 633 951 695 ordinis
975 634 1137 715 generibus
1165 650 1241 693 com·

92 726 95 731 ’
147 748 253 792 munes
272 729 305 791 δι
326 729 506 795 seslionibus
530 732 738 795 tantummodi>
758 733 971 797 conflituendis
992 735 1115 809 idonei,
1131 730 1241 814 'nempb

138 830 260 892 *fruslus
279 833 309 891 in
331 833 397 893 aliis
410 834 517 916 longus
533 835 693 917 srliquosus
711 835 793 914 stylo
813 835 987 906 destitutus,
1007 837 1038 897 in
1058 835 1126 896 aliis
1144 833 1243 895 brevit
1255 828 1263 885 '.
1281 868 1290 890 .

147 930 312 994 stliculosus
323 935 518 1016 monoslylus.
528 937 598 998 Tali
610 936 791 998 caraslerum
802 936 1010 999 distributione
1022 928 1120 998 facilis
1131 935 1244 1012 eruitur
1280 896 1290 996 s

118 1046 122 1057 ’
147 1032 373 1097 Cruciserarum
395 1038 567 1118 defignatio.
587 1039 654 1120 Qui
679 1055 808 1101 caeteros
827 1039 921 1102 modo
941 1038 1087 1102 constmili
1107 1036 1245 1116 cognitos
1282 999 1290 1068 Ι

96 1159 98 1163 ·
148 1136 359 1217 pervestigabit
378 1140 520 1218 ordines,
548 1141 682 1204 eamdem
701 1142 862 1224 perspiciet
885 1142 963 1204 inter
985 1140 1151 1203 catasleres
1177 1156 1245 1218 pro·
1283 1178 1290 1202 .

149 1230 351 1317 greffionetn,'
372 1241 404 1302 &
429 1259 499 1304 tunc
523 1242 787 1324 confirmani'lege
806 1256 920 1306 'eorum
944 1242 1172 1324 disparilitatem
1195 1238 1247 1299 aas

106 1380 109 1385 -
150 1351 272 1414 ruente,
292 1339 364 1409 ditm
382 1345 474 1406 novis
486 1346 638 1405 incumbet
656 1345 814 1407 ordinibus
835 1343 1038 1412 delineandis,
1060 1339 1248 1422 generaliora

150 1435 269 1520 semper·
295 1443 439 1521 praeficiet
464 1445 573 1526 signa,
603 1445 833 1527 uniuscujusque
862 1430 927 1506 vim
955 1458 1145 1524 computans.
1174 1441 1249 1502 Haec
1286 1407 1290 1485 1

150 1540 237 1601 unica
256 1542 297 1603 esl
314 1543 454 1625 ordinum
474 1546 679 1608 fabricationis
697 1565 824 1623 norma,
846 1546 909 1607 haec
926 1545 989 1606 sola
1010 1545 1089 1606 tatio
1110 1543 1249 1622 detegen-

148 1636 255 1709 darum
286 1645 464 1709 affinitatum
483 1648 516 1711 in
542 1669 667 1730 quarum
695 1647 900 1730 disquisitione
929 1646 1056 1709 sincerus
1085 1644 1249 1707 Botanicus

149 1763 252 1807 curam
274 1767 398 1810 omnem
419 1749 532 1831 defigit.

153 1890 159 1907 .
188 1847 233 1909 Ut
255 1851 382 1911 naturali
406 1871 489 1912 nexu
512 1853 626 1933 species
647 1853 679 1914 in
700 1871 808 1932 genera
833 1851 944 1912 coeunt
963 1849 995 1910 &
1018 1860 1127 1928 genera
1146 1846 1179 1907 in
1200 1863 1251 1907 ot·

60 1943 68 1959 ’
151 1947 235 2010 dines
260 1952 506 2031 compelluntur,
535 1953 575 2013 stc
606 1953 782 2014 continuati
813 1951 889 2013 serie
919 1952 1039 2030 cognati
1069 1948 1190 2010 ordines
1216 1947 1250 2008 in

150 2051 285 2113 eamdem
313 2071 498 2113 concurrunt
524 2054 649 2116 classem.
681 2052 797 2115 Natura
822 2055 903 2114 enim
928 2055 966 2113 ab
992 2051 1085 2114 edida
1109 2050 1161 2111 sua
1185 2062 1280 2111 non·

150 2150 307 2212 dedectens
323 2134 561 2232 lege,''dtversos
581 2156 747 2236 plantatum
765 2152 922 2216 fasciculos
936 2153 968 2213 in
982 2152 1112 2231 majores
1130 2149 1251 2231 semper

150 2253 266 2334 colligit
281 2251 371 2316 fasces
389 2275 463 2336 quas
483 2256 550 2318 dein
567 2259 674 2320 iterati
696 2256 804 2320 sensim
823 2255 1017 2336 amplificatas
1036 2253 1247 2327 connexione,

151 2372 259 2417 omnes
280 2374 340 2415 uno
366 2354 487 2418 demum
507 2359 672 2438 complexu
693 2362 824 2421 coercet.
845 2357 924 2418 Cum
947 2372 1047 2418 autem
1061 2356 1091 2415 in
1108 2354 1250 2416 distribu-

150 2457 235 2520 tione
252 2454 383 2538 generali
401 2461 587 2523 valentiores
602 2463 729 2524 debeant
740 2463 873 2542 ptaeponi
883 2459 1063 2533 carasleres,
1074 2457 1250 2519 definiendis

150 2557 285 2623 claffibus
307 2560 375 2622 ideb
393 2561 493 2623 minus
511 2561 672 2624 conserunt
690 2564 816 2624 tertiarii
832 2561 935 2622 solidae
951 2559 1146 2640 designationi
1164 2558 1248 2619 suffi-

150 2659 263 2722 ciendae
283 2663 433 2743 impares,
451 2663 483 2725 bc
501 2663 580 2725 teile
597 2665 775 2726 antecedunt
790 2679 854 2724 turn
872 2660 1037 2723 secundarii
1056 2678 1120 2722 tum
1136 2660 1255 2731 certius,

149 2762 308 2844 primarii,
329 2765 360 2824 in
381 2765 489 2845 plantis
507 2763 693 2828 universales
715 2780 767 2824 aut
785 2762 960 2825 uniformes.
980 2762 1036 2823 Sed
1056 2762 1178 2822 variant
1195 2759 1244 2820 in·

149 2862 267 2925 terdum
284 2863 466 2940 secundarii,
480 2865 615 2947 primarii
633 2865 802 2926 constantes
814 2863 977 2926 habentur:
990 2861 1144 2942 inaequalis
1156 2861 1246 2940 igitur

148 2980 231 3027 extat
250 2966 361 3028 horum
384 2965 415 3027 δι
437 2954 560 3039 illorum
581 2967 768 3048 praestantia,
785 2965 817 3025 δι
837 2965 989 3046 primariis
1007 2965 1113 3025 meritb
1131 2962 1178 3038 ¹tus
1194 2959 1248 3020 tri·

148 3065 251 3129 buitur
266 3065 426 3129 definiendi
444 3068 601 3148 primarias
623 3067 840 3128 ordinationes.
859 3067 899 3128 Hi
921 3064 1108 3126 deducuntur
1120 3082 1157 3123 ex
1171 3081 1247 3123 cor-

148 3166 220 3229 culo
241 3153 378 3244 seminis,
401 3189 439 3231 ex
461 3170 633 3231 staminibus
652 3171 685 3231 ur
702 3169 838 3251 pistillo,
859 3187 898 3230 ex
915 3166 1033 3229 corollti
1054 3162 1246 3225 urminifera.

147 3267 198 3329 An
221 3268 331 3331 horum
349 3269 399 3329 vis
418 3269 521 3333 eadem
542 3273 573 3332 δι
589 3270 723 3332 absoluta
738 3283 868 3351 quatuor
887 3282 1068 3348 organorum
1084 3265 1247 3340 aequati03

146 3391 185 3433 an
210 3373 314 3454 potius
342 3370 518 3439 diversa&
543 3387 727 3454 organorum
754 3374 788 3434 ὃ(
818 3370 1001 3435 caracterem
1021 3362 1246 3444 ‘primariorum

147 3473 302 3552 dignitas?
599 3484 601 3495 '
898 3452 904 3473 Ι
1008 3476 1012 3482 ’

18 3575 130 3630 Methodi
184 3575 219 3636 In
239 3574 403 3638 faciliorem
424 3575 596 3657 quaestionis
614 3574 796 3639 solutionem
814 3568 1010 3655 praecedentia
1026 3569 1130 3650 paucis
1147 3571 1248 3632 revol-

7 3648 129 3779 [32:222
148 3690 221 3732 vere
244 3677 363 3758 expedit
381 3676 503 3738 inverso
523 3676 652 3750 ordine,
672 3692 734 3736 non
754 3669 947 3752 procedendo
968 3670 986 3730 l
1003 3667 1187 3751 simplicibus
1206 3670 1245 3731 ad

7 3785 103 3834 aratio.
147 3769 334 3855 composuit,
356 3778 405 3843 sed
417 3779 436 3840 i
448 3778 622 3860 compositis
630 3775 667 3838 ad
676 3773 884 3854 stmpliciora,
904 3773 997 3833 itaut
1017 3772 1174 3835 contrado
1192 3792 1252 3835 ra·-

146 3876 275 3939 tiocinio
288 3878 476 3963 &congestis
495 3879 760 3964 observationibus
777 3874 923 3960 praemiffa
939 3874 1175 3949 confirmentur,
1191 3894 1246 3937 ca·

147 3979 295 4045 ruderum
315 3981 410 4065 magis
430 4002 466 4047 ac
485 3984 579 4066 magis
597 3996 697 4066 pateat
718 3978 899 4063 dlspatilitas
912 3978 946 4042 &
958 3979 1175 4068 praestantiores
1195 3978 1249 4047 sus
