2580 4470
140 162 253 243 mitit
564 240 568 247 ,
624 227 627 231 J

140 300 321 388 expeditior.
333 288 488 360 Linnaeani
500 284 676 375 systematis
690 281 844 355 ordinatio
855 301 1068 372 nonnunquam
1084 301 1158 370 oper

140 404 359 489 designationes
376 397 528 461 interdum
550 393 736 460 difficiles&
757 391 944 476 frequentior
965 392 1158 474 plantarum

140 508 272 593 dentium
290 499 450 566 connexio.
471 497 530 561 Sed
551 496 625 559 illud
643 494 737 576 magis
754 493 1030 592 circumscriptum,
1052 491 1158 554 cerriiu

138 588 258 673 finitum
268 646 280 677 ,
292 602 412 686 signis
405 600 541 663 innixum
556 597 672 662 sedulo
678 597 852 661 exaratis&
863 616 902 660 ex
917 596 977 659 und
994 610 1079 677 parte
1091 595 1158 678 prin

139 707 342 792 depromptis,
360 701 563 766 numerosiori
581 699 755 782 superbiens
765 678 980 782 Veg⁰etantium
996 698 1115 780 agmine
1129 696 1158 759 su

139 809 300 875 ordinatim
316 806 462 868 militante
475 803 507 866 δι
520 801 618 867 rasilis
632 800 746 878 devio,
761 802 881 871 meliori
896 800 1021 865 ditatum
1033 799 1158 881 descript

137 931 173 976 ac
192 910 434 974 nomenclatione
451 908 518 971 titin
531 905 672 1002 generici
683 919 748 967 tum
759 903 915 986 specifici,
933 904 1070 987 pluribus
1082 903 1158 966 abun

138 1013 326 1088 commodis,
340 1003 410 1074 ideo
430 1009 591 1093 praevaluit
604 1007 755 1071 universo
769 1005 833 1071 sere
845 1005 1065 1070 Botanicorum
1080 1005 1158 1069 cons

137 1116 215 1178 Haec
232 1129 332 1177 autem
352 1112 512 1194 systemata
528 1110 691 1173 arbitrario
710 1109 896 1186 construsia,
920 1107 1075 1171 scientiam
1093 1109 1158 1171 exhi

137 1218 272 1281 sisliriam
294 1233 355 1277 non
374 1216 541 1278 naturalem
558 1215 589 1275 dc
609 1213 718 1295 plantis
736 1231 800 1275 non
816 1210 935 1295 penitis
950 1211 1158 1291 cognoscendi:

138 1319 257 1381 tanturn
276 1314 501 1402 compendiose·
517 1313 694 1377 definiendis
711 1324 745 1376 ac
769 1314 854 1376 certb
871 1307 1060 1376 nominandis
1078 1313 1158 1374 addil

138 1421 285 1482 Habenda
302 1419 369 1492 sunt
378 1417 470 1498 igitur
484 1415 564 1497 quasi
584 1413 727 1497 praeludia
741 1415 901 1488 botanica,
917 1432 968 1478 aut
985 1416 1153 1498 repe'ttoria

8 1506 12 1515 ¹
83 1519 85 1523 ’
140 1521 271 1602 digesta,
291 1519 469 1601 indicesque‘
486 1537 547 1601 non
563 1516 764 1598 alphabetici,
786 1517 836 1579 alii
850 1517 917 1579 aliis
940 1519 1158 1580 commodiore

138 1624 270 1706 quibus,
295 1621 456 1684 secundum
478 1621 557 1702 signa
585 1620 616 1680 in
637 1619 806 1686 faciliorem
833 1620 964 1702 proptiae
994 1620 1158 1700 investigat

136 1723 273 1795 laborem
286 1725 444 1805 mutuique
455 1722 675 1785 Botanicorum
686 1723 861 1785 commercii
877 1739 985 1783 nexum
998 1722 1158 1805 admissa,p

137 1825 243 1885 ordine
260 1822 458 1902 disponuntur
474 1822 604 1901 plantae,
621 1822 717 1885 donec
736 1823 853 1886 felicibs
872 1822 979 1884 iterati
995 1821 1158 1884 meditatim

97 1982 102 1989 .
137 1915 249 1986 seriem
261 1922 336 1984 vere
356 1912 522 1984 naturalem
541 1922 763 1987 distribuantur.

175 2079 221 2151 Ex
244 2079 399 2162 praemiliis
423 2079 616 2144 innotescunt
641 2080 811 2162 plantarum
835 2097 934 2164 partes
954 2083 987 2144 &
1010 2074 1158 2146 minione

64 2168 70 2179 ’
136 2182 265 2263 partium
296 2180 474 2244 differentia
502 2182 533 2244 δι
559 2181 734 2247 carasleres
749 2182 820 2246 inde
849 2185 1032 2249 conseslarii.
1059 2185 1158 2248 Nosco

59 2339 60 2346 ,
111 2262 227 2347 ⁵etiam
252 2282 418 2368 specierum
443 2302 649 2365 generumque
674 2282 892 2366 designationes
913 2286 944 2348 dr
965 2287 1158 2368 appellationi

135 2384 221 2448 fimul
244 2385 378 2466 aptiores
404 2398 600 2466 utrarumque
620 2386 868 2468 perficiendarum
894 2389 986 2450 modi.
1009 2389 1158 2451 Neminen

136 2487 373 2574 super-praeterit
393 2487 463 2551 hinc
481 2487 648 2568 plantarum
673 2489 874 2551 ordinationis
894 2489 1063 2567 necessitas,
1085 2492 1158 2554 illim

101 2622 104 2632 ·
135 2588 259 2650 bitraria
278 2609 313 2650 ac
338 2587 512 2670 impersesia
532 2588 726 2672 systematum
747 2590 900 2677 hucusque
923 2593 1158 2687 ordinantium}

133 2688 246 2780 positio
263 2732 273 2766 ,
294 2689 460 2754 artificialis
479 2712 542 2756 non
561 2696 708 2774 genuina,
722 2694 811 2756 «vetis
830 2693 1024 2756 affinitatibus
1045 2697 1158 2777 profert

135 2790 302 2855 nullatenus
318 2795 548 2857 accommodata
559 2794 704 2858 &utilem
720 2795 932 2860 tantummode
949 2796 1081 2859 verioris
1100 2798 1158 2860 scie

133 2891 323 2974 prospetturn
348 2892 501 2958 exhibens.
526 2894 569 2961 Ea
591 2914 676 2960 novo
698 2895 752 2966 sub
769 2895 887 2980 aspectu
905 2916 985 2959 nunc
1003 2898 1156 2968 confidem

134 3012 197 3056 non
215 2992 333 3058 fasliriis
353 2996 400 3060 sed
421 2997 657 3061 immutabilibus
678 2997 832 3080 subjicitur
851 2998 967 3080 legibus
985 3020 1058 3080 quas
1069 3000 1158 3063 Narin

135 3093 245 3174 plantis
262 3095 365 3177 aperte
381 3097 549 3179 insculpsit,
566 3098 690 3161 cuilibet
710 3098 822 3161 assiduo
840 3098 1034 3163 observatori
1055 3101 1158 3164 manift

136 3191 315 3279 Botanicuna
333 3197 385 3261 diit
404 3196 508 3290 delusit
525 3218 626 3267 errans
643 3215 695 3267 aut
714 3219 792 3283 vaga
811 3200 900 3263 nimis
912 3201 1050 3264 definitio
1068 3215 1083 3246 ⁶
1101 3205 1158 3267 scie

143 3344 1158 3390 Ιω·-·’--·-----·--------------------ιῶφ-----------,------

173 3447 350 3523 abatanicts
371 3455 432 3518 pars
456 3446 530 3519 prior
552 3443 677 3516 incesti
693 3447 847 3519 plantarunt
872 3446 1033 3524 cognitione
1057 3447 1107 3510 sita
1131 3453 1158 3510 el

138 3538 246 3603 Plantas
264 3541 385 3629 apprime}
401 3538 475 3602 nosse
495 3542 569 3611 aliud
587 3542 658 3604 nibil
678 3544 806 3614 videtur,
831 3565 914 3618 quam
929 3547 958 3603 in
976 3556 1113 3621 promptu.
1127 3549 1158 3611 ha

139 3641 253 3699 nomina
269 3658 334 3712 qtta¹
346 3639 380 3696 iis
395 3637 455 3709 apid
470 3636 596 3710 imposta
615 3632 686 3698 sunt.
706 3637 892 3715 Toum.Isr1g.
902 3661 931 3715 p.
952 3657 963 3699 1
977 3681 1003 3701 ..
1016 3685 1023 3699 .
1039 3646 1156 3703 Botanic

138 3729 256 3790 scientia
268 3734 394 3794 naturalis
408 3751 493 3807 pars,
502 3740 576 3808 cujus
588 3759 641 3810 ope
661 3733 810 3798 felicissimi
826 3745 852 3796 dt
869 3739 986 3797 minimo
1000 3743 1114 3814 negorio
1129 3744 1158 3801 Pl

139 3821 340 3902 cognoscuntur
363 3841 390 3893 dt
406 3834 435 3891 in
451 3832 585 3892 memorii
601 3836 761 3896 retinentur.
786 3830 886 3911 Βοιώ.
904 3837 977 3912 Hist.
995 3849 1083 3899 16...
1098 3847 1158 3899 bot:

138 3923 178 3982 est
190 3921 304 3984 scientia
320 3931 450 3992 namialis
460 3949 520 4008 qua,
538 3934 733 4009 vegetandum
743 3935 931 4010 cogniu'ouem
944 3935 1036 3998 tradit.
1048 3935 1132 3997 Lina.
1152 3940 1158 3998 i'

138 4015 205 4086 Bet.
223 4041 251 4085 rt.
270 4042 300 4101 4.
