2580 4470
165 163 225 247 lu'
258 234 263 240 .

179 306 263 366 dines
273 305 445 368 accuratius
457 302 808 368 elaboravitdislrdentiis
824 306 1015 389 paucioribus
1031 286 1253 376 deformatos!
1273 297 1290 323 '⁸

179 405 316 487 pluribus
336 407 446 467 ditatos
464 405 556 466 certis
574 423 716 485 generum
739 407 1021 484 conjunslionibus‚-
1040 409 1088 470 sed
1104 405 1209 469 carad
1234 417 1248 455 f

179 506 296 568 tantum
307 507 449 588 quosdam
463 507 616 586 generales
627 507 658 568 δι
669 507 768 569 nullos
783 508 945 570 essentiales
959 510 1138 584 admittens,
1159 524 1211 571 eor
1238 498 1259 560 »s

164 606 383 688 *disparilitatis
399 604 495 686 legem
510 625 572 667 nou
587 605 714 669 sancivit
728 601 784 670 nec
801 590 936 670 clafficas·
949 611 1018 673 inde
1036 609 1162 672 deduxit
1176 608 1264 690 parti·

149 731 151 734 >
181 707 280 767 tiones
297 706 329 771 in
350 703 402 767 sual
416 706 783 772 ordinumdislributione
799 708 875 789 pene
891 709 1062 784 arbitrarii,
1084 709 1174 789 cujus
1190 724 1223 769 ut
1232 705 1264 775 d,
1288 732 1290 759 ι

182 806 350 878 Linnaeanae
370 825 443 867 vera
462 826 497 867 ac
517 808 662 887 generalis
677 826 737 868 non
756 808 880 889 prorsits
895 809 1068 889 intelligitur
1085 808 1173 870 ratio
1188 805 1262 885 Cb}

183 899 282 969 autem
309 908 468 973 essentialia
497 924 586 989 atque
616 894 764 992 praecipua
794 910 824 969 in
852 909 960 990 plantis
987 909 1133 989 prodeant
1158 892 1272 988 organa?

177 1029 210 1089 p.
224 1007 290 1086 xliii
300 1052 310 1080 ‚
328 1029 365 1069 ex
383 1008 491 1090 quibus
509 1009 642 1089 primarii
658 1030 687 1088 p.
703 1010 745 1069 xl.
758 996 828 1071 xliv.
847 1008 918 1090 xlvij
939 1027 1084 1071 eruuntur
1106 1007 1265 1075 caradetes

185 1109 216 1168 in
236 1108 394 1169 ordinibus
413 1109 529 1189 semper
548 1107 738 1183 uniformes3
756 1108 825 1171 cirm
846 1109 989 1189 praetere'a
1008 1109 1173 1191 primarius
1194 1098 1273 1171 urm}

186 1207 367 1269 secundariis
384 1223 436 1269 aut
456 1207 597 1269 tertiatiis
616 1207 749 1287 pluribus
764 1208 956 1289 aequipolleat
971 1232 1000 1290 p.
1019 1211 1132 1278 xxxix,
1156 1208 1188 1268 δι
1202 1205 1247 1267 td

188 1309 369 1371 admovendi
387 1308 441 1369 srnt
461 1332 488 1387 p.
513 1309 574 1368 xliv
595 1307 718 1368 ordines
731 1307 789 1397 tali
810 1309 958 1370 caradere
980 1306 1158 1370 conformes·
1165 1326 1176 1380 3
1193 1327 1214 1388 p

188 1410 273 1472 distis
297 1412 387 1489 igitur
406 1429 469 1470 tum
491 1409 674 1488 Fragmentis
693 1424 755 1469 tum
775 1409 916 1470 Familiis·
930 1402 1270 1490 praeslat'lrianone'nsit.

188 1513 340 1573 ordinatio
355 1519 370 1545 ⁶
384 1531 451 1592 quae
462 1511 634 1588 memoraris
644 1509 803 1588 generatim
816 1509 970 1571 assentiens
982 1510 1117 1589 legibus,
1133 1508 1269 1581 melior¹

189 1611 364 1693 plerumque
374 1613 487 1697 profert
497 1611 640 1680 ordines,
653 1611 684 1671 &
696 1609 839 1671 clafficam
858 1629 965 1671 eorum
978 1609 1053 1672 vere
1066 1608 1196 1670 admittit
1205 1622 1269 1691 patr,

152 1797 154 1801 ¹
191 1713 327 1774 titionem
344 1728 395 1773 aut
415 1711 512 1774 eidem
529 1710 649 1792 posthzic
662 1711 802 1772 institutae
815 1710 930 1791 plenius
944 1711 1090 1791 congruit.

41 1898 176 1952 concludo.
230 1880 267 1943 Er
284 1874 362 1944 nunc
376 1880 480 1940 statutas
494 1880 633 1940 Hisloriae
649 1880 835 1941 naturalis&
853 1880 983 1941 scientiae
996 1877 1146 1958 organicas
1161 1876 1193 1937 u
1208 1873 1273 1937 uos

191 1983 303 2043 ranices
326 1980 407 2042 certri
429 1980 623 2054 definitione,
641 1981 781 2061 exposrtis
803 1981 967 2061 plantarum
984 1980 1116 2061 partibus
1137 1977 1168 2038 δι
1188 1975 1281 2044 suut—

120 2133 124 2144 .
191 2084 325 2144 tionibus
344 2083 375 2142 δι
393 2081 617 2148 differentiis&
633 2082 850 2156 caracteribus,
864 2081 984 2143 definisti
1000 2080 1097 2162 specie
1113 2079 1145 2138 δι
1160 2064 1288 2141 tradidi

193 2184 361 2264 aptioribus
384 2185 540 2253 nominum
562 2199 651 2264 atque
676 2183 907 2263 descriptionum
934 2181 1090 2256 formulis,
1112 2178 1246 2242 arbitrari
1280 2218 1289 2245 .-

170 2286 445 2358 ,εοιιίὶιυέἲίοιιιιιιι
469 2285 672 2365 geneticarum
695 2288 727 2347 &
746 2286 924 2348 clafficarum
947 2283 1087 2346 exhibitis
1101 2280 1290 2362 praeceptioe

194 2387 302 2461 nibus,
324 2385 495 2467 quibusdam
516 2371 709 2466 systematicis
722 2384 753 2444 δι
765 2386 842 2447 inter
864 2403 968 2446 omnes
986 2383 1144 2463 praecipuis
1161 2381 1255 2461 plan
1280 2436 1283 2441 .

104 2466 110 2470 ⁴
196 2508 263 2550 rum
283 2485 522 2552 ordinationibus
542 2483 695 2546 delineatis
710 2503 744 2544 ac
762 2485 819 2545 rite
835 2483 997 2564 perpensis,
1018 2482 1178 2562 systemata
1199 2500 1217 2560 q
1235 2529 1236 2532 ,
1252 2520 1279 2564 χ

195 2589 269 2650 libet
295 2587 401 2667 plantis
428 2585 616 2646 nominandis
640 2582 725 2645 utilia
747 2583 796 2643 sed
819 2584 946 2644 Natura.
963 2582 1060 2651 minus
1084 2581 1218 2642 consona
1236 2574 1285 2656 ab,

194 2689 338 2770 usurpato
357 2688 487 2749 verioris
506 2687 636 2750 scientiae
653 2686 745 2766 gradu
757 2684 792 2746 ad
807 2684 931 2745 inseram
944 2683 1083 2765 praeludii
1097 2675 1267 2751 Botanicids

194 2790 358 2865 methodici
383 2791 489 2852 indicis
511 2789 523 2830 ὸ
548 2791 754 2852 conditionem
783 2790 944 2861 descivdre.
971 2791 1028 2850 His
1054 2790 1184 2872 genuina
1206 2805 1270 2869 tuo3

154 3092 156 3096 ·
190 3093 195 3098 ’
230 3080 418 3154 ‘Fragmenta
431 3084 575 3141 Linnaeana
592 3089 624 3156 58
644 3082 866 3155 dinumerantur,
883 3075 1081 3140 Adansouianae
1099 3080 1262 3165 Familiam

194 3172 299 3245 tidem,
314 3176 423 3234 ordines
441 3174 642 3235 Trianonenses
665 3191 720 3250 65,
741 3172 899 3236 Parificnscs
917 3167 1063 3248 nupeiri‘mi
1081 3194 1143 3233 1oo.
1163 3177 1224 3232 llos
1253 3218 1263 3232 a

195 3272 270 3338 tione
288 3271 417 3331 lobotum
434 3274 534 3330 corculi
549 3280 576 3332 &
591 3273 701 3332 corollae
712 3273 872 3346 polypetalae
885 3291 932 3332 aut
947 3271 1129 3344 monopetalae
1141 3289 1189 3330 aut
1201 3292 1217 3327 ιι
1239 3272 1265 3315 l*

196 3375 225 3429 &
238 3365 382 3429 staminum
402 3364 502 3432 finis&
519 3367 629 3428 dcmrim
649 3364 861 3445 organisationis
878 3368 1019 3438 completa
1030 3385 1076 3424 aut
1093 3367 1266 3437 incomple

198 3461 365 3535 sunplicioris
387 3481 433 3521 aut
452 3465 604 3535 plenioris,
626 3465 753 3539 disposuit
768 3469 800 3524 in
815 3466 889 3523 Diu.
907 3465 1017 3534 Encycl.
1036 3486 1062 3520 2.
1077 3484 1103 3533 p.
1127 3481 1168 3535 32.
1183 3466 1218 3520 1).
1252 3462 1269 3539 Ἰ

199 3560 278 3616 mark
295 3564 368 3632 cuius
386 3556 569 3618 distributioni
585 3556 761 3630 systemaricae
776 3557 822 3617 sua
838 3556 879 3617 cst
897 3557 960 3617 vere
974 3558 1032 3616 laus
1052 3554 1205 3615 tribuenda.

234 3652 247 3694 b
265 3657 304 3711 Ut
320 3653 391 3711 libro
411 3652 523 3713 cuilibet
541 3653 623 3712 index
640 3653 792 3725 opporrund
810 3651 946 3726 subjicitur
964 3651 1075 3710 brevem
1095 3669 1224 3710 contento
1241 3669 1275 3701 u*-

199 3748 333 3807 rationem
352 3743 504 3818 exhibens,
528 3747 564 3806 s1c
582 3751 611 3807 in
634 3747 681 3806 usu
700 3747 829 3806 botanico
854 3749 926 3805 utilis
949 3745 987 3805 est
1012 3744 1197 3817 systemaricus
1216 3769 1234 3804 ο

200 3840 248 3901 scu
269 3842 349 3902 index
369 3843 541 3905 methodicus
561 3846 714 3918 plantarum
732 3844 948 3904 distributionem
967 3841 1109 3915 proferens
1129 3840 1283 3902 facilem

199 3938 252 4012 qui
263 3939 374 4013 quaefitae
390 3943 468 4002 citius
486 3944 662 4016 reperiuntur.
684 3941 783 4003 Talem
799 3939 913 4014 ptaetnisi
925 3939 1069 4014 genetibus
1088 3942 1200 4001 incertae
1220 3937 1237 4000 s
1252 3946 1272 3991 ιι
