2580 4470
178 201 217 256 tv

177 340 216 384 er
242 323 470 405 precedentium
495 321 645 387 concursu
671 341 783 404 organa
806 308 1049 407 componuntur,
1069 311 1127 385 alia
1153 311 1260 403 plantat

128 480 131 493 ,
175 423 272 486 vitam
283 423 417 489 foventia
426 436 461 486 ut
471 411 939 501 radir&daulis&folium‚alia
948 422 1282 515 propagandaespeciei·

174 511 333 589 necessaria
353 542 387 590 ut
403 524 462 589 ilos
481 526 666 599 dudulim,
684 527 786 590 omnia
804 525 890 589 simul
909 528 941 588 in
963 543 1109 608 organum
1122 525 1259 608 generale
1285 527 1286 530 ’

71 699 74 706 ,
173 625 225 688 seu
244 627 372 708 plantam
392 628 537 708 integram
559 628 720 703 coeuntia,
742 644 872 709 quorum
892 622 1068 691 lirudluram
1089 626 1122 687 dc
1140 625 1260 709 dispos-

173 727 287 809 tionem
308 727 339 789 δι
358 727 445 791 usum
463 729 632 810 praeprimis
648 728 764 790 novisse
783 714 923 812 expedit(

212 830 308 890 Radix
316 828 400 891 humi
406 828 502 892 defixa
509 829 642 912 superius
648 831 679 892 in
687 831 788 890 caulem
801 828 1259 912 produciturtaxiwutriusque
1275 858 1280 871 ·

171 941 253 990 tenet
263 931 388 992 medulla
398 929 524 993 omnino
533 930 702 993 utricularis
716 950 726 1005 ;
742 930 829 992 strata
837 931 972 993 ambiunt
982 931 1099 1012 lignea,
1110 949 1151 994 erc
1163 929 1257 1011 lougi-

73 1085 78 1103 ,
172 1027 351 1091 rudinalibus
364 1029 506 1092 vasorum
524 1030 555 1091 dc
569 1029 712 1090 fibrarum
725 1026 872 1091 fasciculis
886 1046 969 1092 textu
990 1028 1148 1092 utriculari
1164 1029 1254 1091 inter·

92 1144 99 1155 *
173 1129 271 1213 posue
281 1131 425 1194 connexis
433 1147 598 1206 concreta;
617 1124 845 1215 supersternitur
858 1146 1035 1205 cortex‚ex
1044 1128 1131 1192 fibris
1140 1114 1178 1192 ¹&
1191 1127 1255 1192 vas-
1289 1172 1290 1176 =

153 1272 155 1281 ·
173 1220 249 1293 culis
267 1231 299 1293 δι
316 1229 455 1293 dillindiis
474 1231 674 1294 utriculorum
691 1230 820 1294 seriebus
837 1228 901 1293 fere
920 1229 1067 1311 parallelis
1087 1229 1158 1291 laxe
1175 1227 1255 1291 inter·
1286 1188 1290 1276 4

173 1346 274 1395 textus
295 1351 331 1395 ac
352 1331 433 1414 quast
457 1332 643 1408 reticulatis,
667 1329 699 1394 in
722 1331 823 1394 radice
846 1332 967 1394 madens
990 1350 1024 1392 ac
1052 1328 1254 1405 succosus‚'in
1286 1288 1290 1388 l

173 1433 321 1498 herbaceo
335 1434 420 1499 caule
431 1434 672 1496 membranaceus
685 1434 802 1504 mollis,
822 1434 853 1494 in
867 1434 999 1496 arboreo
1015 1431 1122 1496 siccior
1138 1434 1171 1494 dt
1185 1429 1254 1513 saepe
1287 1389 1290 1464 Α

174 1534 316 1598 rimosus.
338 1534 467 1597 Succum
482 1535 513 1595 in
532 1533 640 1597 tellure
657 1550 792 1614 paratum
802 1578 812 1607 ‚
824 1532 1014 1596 crassioribus
1027 1548 1152 1596 exutum
1168 1530 1261 1615 partr-
1287 1494 1290 1555 ἱ

173 1639 271 1715 culis,
294 1639 389 1721 chylo
406 1638 528 1701 animali
555 1656 775 1720 congenerem,
795 1636 911 1708 radix,
932 1654 1079 1705 venarum
1104 1632 1260 1696 ladlearum-

172 1739 284 1816 instar,
307 1739 424 1821 exsugit
448 1739 540 1804 avide
567 1740 656 1803 &in
681 1740 798 1802 caulina
822 1738 918 1801 deferr
940 1738 1010 1799 vasa
1035 1734 1254 1819 propellendum

171 1841 283 1913 altilis,
299 1841 458 1922 copiosum
474 1841 504 1900 in
523 1842 642 1920 juniore
656 1841 775 1922 planta,
792 1842 824 1901 in
843 1840 1007 1904 vetustiore
1022 1838 1256 1921 parcioremra·

172 1942 258 2003 tione
273 1926 366 2002 auriae
382 1939 545 2001 solidorum
566 1940 656 2001 molis
668 1941 702 2001 dc
714 1940 862 2002 imminuti
874 1941 1017 2003 vasorum
1033 1922 1177 2004 diametri.
1189 1939 1259 2003 Pars

171 2041 262 2121 hujus
276 2039 369 2102 altera
384 2039 464 2125 intrd
482 2028 678 2103 corticem&
698 2040 810 2121 iignum
830 2041 953 2103 devedla
972 2040 1138 2104 concrescit
1147 2040 1217 2103 hinc
1228 2041 1259 2102 in

172 2141 310 2200 alburnum
325 2137 377 2202 seu
391 2138 505 2220 lignum
524 2139 677 2217 euterius,
696 2140 767 2202 inde
785 2141 817 2202 in
831 2142 925 2201 librum
934 2138 988 2205 'seu
1000 2142 1124 2203 corticis
1136 2141 1261 2203 inreriut‘

171 2241 304 2304 stratum.
320 2241 424 2304 Altera
442 2242 619 2303 continuato
640 2238 783 2321 vasorum
805 2243 923 2304 tramite
941 2241 1119 2304 viscidiores
1138 2245 1170 2304 in
1184 2243 1256 2306 utri·

172 2340 248 2403 culis
261 2326 444 2423 glandulisue
452 2341 576 2403 dimittit
587 2343 766 2423 particulas,
784 2361 862 2404 nunc
874 2341 994 2406 melleas
1006 2358 1057 2404 aut
1072 2343 1257 2423 gummosar,
1278 2360 1282 2367 ·

171 2459 251 2502 nunc
272 2439 414 2502 resnosas
434 2457 486 2502 aut
505 2458 611 2510 actes,
634 2439 752 2502 &dein
773 2441 852 2502 ultra
876 2442 1034 2526 decurrens
1053 2462 1107 2524 per
1126 2444 1257 2506 cutio&

171 2541 323 2624 praecipue
343 2538 488 2602 foliorum
506 2538 653 2621 spiracula
672 2540 825 2604 lluidiores
835 2541 925 2620 ejicit.
938 2544 1020 2603 Folia
1030 2544 1143 2624 quippe
1151 2545 1259 2626 duplex
1287 2607 1289 2614 p

171 2642 313 2706 vasorum
331 2641 419 2723 supra
438 2643 471 2703 δι
489 2640 593 2704 subtus
609 2628 664 2724 per
684 2656 789 2706 tenues
808 2661 922 2706 meatus
942 2645 1087 2706 hiantium
1106 2645 1257 2709 constituit

171 2739 284 2812 series,
304 2740 337 2803 δι
359 2741 478 2822 utrique
494 2741 612 2820 gemina
630 2741 801 2805 insternitur
818 2743 991 2805 membrana
1007 2742 1094 2805 facile
1117 2746 1185 2825 post
1197 2763 1258 2808 ma·

115 2888 117 2895 -
171 2843 353 2905 curationem
380 2841 556 2905 divellenda.
578 2842 651 2904 Pori
672 2843 757 2925 supra
782 2844 869 2926 positi
889 2845 1046 2907 humorem
1074 2847 1202 2909 nimium
1216 2846 1269 2909 'vi

177 2943 302 3024 propria
318 2945 347 3004 dr
370 2943 536 3006 attrahente
546 2943 616 3007 Sole
625 2943 872 3026 perspitatorium
883 2946 1127 3009 exhalanr2unde
1144 2948 1259 3031 semper

171 3042 226 3124 ipsi
246 3059 297 3104 aut
307 3040 379 3104 'adri
396 3045 494 3131 libero
511 3046 691 3109 obversatur
706 3046 852 3109 soliorum
869 3049 976 3128 pagina
992 3048 1148 3129 superior,
1170 3070 1261 3132 quana

171 3132 367 3205 fi·inverreris
381 3160 499 3206 retorto
516 3147 631 3227 petiolo
641 3190 652 3222 ,
664 3147 700 3208 ad
719 3147 820 3210 Solem
832 3149 911 3210 lenta
923 3149 1008 3211 redit.
1025 3149 1097 3211 Pori
1107 3150 1136 3210 in
1151 3150 1261 3215 averso

170 3242 296 3307 latentes
318 3243 395 3306 folio
416 3244 449 3306 dr
470 3245 548 3327 saepe
565 3245 645 3308 villis
661 3246 779 3326 stipati,
798 3249 974 3313 matutinum
992 3265 1042 3312 aut
1060 3248 1261 3333 vespertinum
1272 3231 1279 3329 Ι,

170 3345 368 3426 atmosphetae
379 3363 480 3406 rorem
490 3346 641 3422 hauriunt,
652 3349 704 3430 qui
714 3351 746 3410 in
758 3351 902 3414 interiora
911 3349 1081 3432 compulsus
1086 3353 1260 3417 adradicem

172 3447 265 3531 usque
286 3448 452 3511 detruditur
467 3494 484 3540 ,¹
500 3448 632 3528 ejusdem
654 3452 813 3514 nutritioni
834 3451 985 3514 famulans.
1004 3453 1054 3517 Sic
1068 3452 1087 3513 al
1103 3455 1206 3517 radice
1223 3456 1260 3518 ad

32 3738 39 3751 ‘
136 3800 139 3804 ,
210 3774 226 3812 a
242 3744 307 3800 Haec
325 3741 417 3803 brevis
434 3746 596 3802 oeconomiae
610 3743 741 3819 vegetalis
756 3741 932 3802 adumbratio
946 3743 1212 3817 partlmfextrahitur
1225 3766 1259 3807 cz

113 3877 115 3881 -
175 3835 267 3897 nostrai
280 3836 346 3899 rhcsr
361 3837 509 3912 pristinaiin
522 3843 622 3912 Lycaeo
638 3838 746 3901 medico
758 3838 893 3901 Parisiensr
904 3839 1073 3914 propugnata
1083 3861 1160 3901 anno
1171 3863 1257 3918 1770,

177 3934 232 4017 tui,
240 3933 332 3993 titulus
350 3954 358 3992 t
376 3941 421 3995 An
434 3933 624 4024 OEcnnomiam
632 3933 793 3999 Australem
805 3931 913 3996 inter&
931 3934 964 3998 V
959 3937 1086 4011 cgetalem
1095 3938 1254 4017 analogia?
