2580 4470
95 226 98 234 -
166 175 241 250 xliv

164 317 333 397 Vegetante
356 320 506 402 praecipua
531 337 566 383 ac
587 320 784 402 generalior,
813 321 849 384 ad
875 312 1253 403 cujusconfo‘rmadoneti

164 416 408 483 &nutritionem
428 423 459 482 δι
477 422 645 505 praesidium
665 440 774 486 caetera
792 423 1031 486 frudificationis
1053 442 1165 503 organa
1182 441 1253 483 cona

165 535 315 598 currunt,
341 522 462 602 posthac
482 524 651 588 arescentia.
672 527 793 588 limium
813 528 1026 608 progeneratio
1046 526 1195 599 'summurn
1214 522 1254 584 est
1288 604 1290 615 Α

164 617 295 683 Naturae¹
317 623 502 704 propositum
529 628 562 688 ὅ(
585 625 698 689 fundio
728 628 880 707 primaria.
903 626 1003 707 Hujus
1026 641 1206 708 apparatus,
1224 624 1254 684 δι
1289 659 1290 670 1

163 719 328 784 sexualium
347 741 532 804 organorum
555 727 697 807 dignitas,
711 729 741 790 δι
754 728 904 790 floralium
914 720 1107 790 ambientium
1123 725 1259 801 utilitas,¹

114 853 118 857 ‡
165 823 199 884 δι
212 835 411 907 utrorumque
426 827 491 908 post
504 826 744 891 secundationem
763 845 814 891 aut
836 831 1066 892 maturationem
1082 827 1253 908 prolaplio,

164 921 285 986 seminis
306 941 366 987 tarn
390 927 546 1008 magnifice
572 929 719 991 elaborati
747 931 945 1010 praestantiam
968 945 1115 1011 arguunt,
1137 928 1169 989 δι
1192 916 1271 1011 pri·'

165 1027 276 1090 marias
286 1049 323 1092 ex
334 1047 371 1091 eo
383 1016 433 1092 seu
444 1050 481 1093 ex
492 1031 639 1108 corculo‚
659 1030 802 1094 ellentiali
816 1032 937 1095 seminis
950 1048 1050 1114 parte,
1070 1029 1255 1094 deducendas

165 1126 222 1188 effe
238 1128 450 1209 Vegetantium
470 1132 633 1195 divisiones
651 1132 807 1197 affirmant.

7 1239 147 1310 cuffespri.
205 1228 330 1310 Triplex
349 1231 368 1293 ὲ
390 1252 520 1296 numero
539 1235 670 1316 partium
688 1236 805 1296 corculi
823 1259 854 1317 p.
873 1235 934 1317 xvii
950 1237 983 1298 δι
998 1233 1136 1327 εῇιιίάεηιΙ
1150 1229 1258 1313 gerni·

7 1311 151 1430 fflf³⁶⁰¹'
166 1332 298 1394 nationis
312 1335 404 1421 modo
416 1336 531 1397 eruitur
543 1337 667 1418 partitio
684 1317 849 1416 generans,
869 1335 977 1419 nempe
987 1332 1256 1414 'Acotyledonum3

168 1433 487 1514 Monocotyledonum
507 1436 539 1497 δι
557 1436 842 1518 Dicotyledonum,
860 1437 920 1516 jam
937 1437 957 1497 'ai
976 1433 1129 1496 nonnullis
1152 1432 1257 1494 Auto-

166 1532 252 1594 ribus
274 1533 422 1597 celebrata
432 1524 449 1606 ,⁶
466 1537 504 1598 ab
521 1536 588 1598 aliis
606 1536 789 1618 posthabita,
805 1538 837 1598 in
856 1537 949 1599 horto
967 1532 1166 1598 Trianonenst
1182 1551 1257 1614 prae·

166 1633 258 1714 cipue
279 1638 406 1717 recepta.
426 1637 502 1699 Haec
523 1639 660 1700 constans
681 1658 696 1686 a
711 1639 743 1699 dt
757 1638 900 1700 naturalis
913 1637 1066 1716 ablegatur
1076 1636 1175 1696 t'amen
1194 1649 1258 1694 nnn

165 1753 204 1797 ex
220 1735 406 1818 Fragmentis
417 1738 587 1802 Linnaeanis
603 1744 667 1802 tum
685 1761 723 1803 ex
736 1740 954 1806 Adansonianis
967 1736 1115 1809 Familiis,
1128 1734 1259 1815 utraque

134 1839 136 1845 ⁴
165 1835 357 1899 ordinatione
367 1839 669 1920 Monocotyledones
684 1841 963 1920 Dicotyledunibus
982 1838 1167 1900 intermixtas
1186 1853 1261 1896 non·

164 1937 318 2018 nunquam
336 1939 505 2002 exhibente.
519 1942 568 2001 An
585 1953 685 2002 autem
701 1941 805 2021 singuli
822 1942 944 2003 ordines
960 1941 1094 2003 seorsitm
1108 1939 1125 2000 ai
1138 1933 1262 2022 Naturi

163 2038 384 2100 constituuntur
406 2039 516 2122 absque
538 2041 598 2102 ulli
624 2056 736 2104 mutuae
757 2041 892 2123 ipsorum
913 2041 1066 2104 affinitatis
1085 2038 1262 2102 considera-

164 2136 271 2200 tione?
289 2139 337 2202 An
355 2140 463 2202 contri
479 2136 634 2204 communi
654 2161 735 2204 nexu
750 2141 868 2204 claffico
884 2143 1062 2222 colligantur
1073 2159 1198 2216 omnes,
1213 2139 1258 2201 ita

164 2253 200 2301 ut
219 2238 378 2301 indivisam
401 2243 581 2306 constituant
599 2245 730 2306 seriem?
752 2232 891 2308 Claffium
914 2243 1096 2307 existentiam
1117 2243 1150 2304 &
1170 2190 1259 2302 itmul

162 2342 361 2423 praefiantiam
379 2345 493 2406 corculi
511 2346 642 2406 indicant
656 2346 851 2427 probatiffimi
869 2346 989 2407 ordines
1008 2343 1095 2424 hujus
1109 2341 1258 2405 strudurd

162 2444 309 2525 primario
330 2445 490 2526 designati,
513 2447 693 2528 &plurium
715 2447 823 2509 eodem
842 2447 926 2526 signo
943 2445 1110 2528 praeprimis
1129 2443 1257 2506 confor-

126 2633 128 2638 s
163 2544 258 2608 mium
284 2545 436 2608 manifesta
459 2548 623 2628 cognatio,
645 2547 679 2608 &
706 2547 861 2628 singularis
883 2547 1003 2609 demum
1025 2546 1163 2627 analogia
1184 2565 1253 2610 curn

86 2885 92 2890 .
195 2851 211 2880 ⁴
226 2840 377 2899 caracteris
390 2837 469 2914 hujus
479 2837 662 2898 constantiam
671 2837 809 2912 denegant
817 2841 933 2898 Antores
944 2836 1070 2896 nonnulli
1085 2838 1132 2910 qui
1143 2835 1250 2907 plantas

121 3014 124 3015 ⁷
158 2933 658 3014 dicotyledonesmonocotyledonutn
666 2935 829 3010 quaudoque
838 2931 1064 3011 congeneteseffc
1074 2929 1251 2992 contendunt.

158 3031 202 3093 sic
218 3030 310 3089 Cedis
328 3029 429 3089 bilobis
447 3032 522 3092 redd
541 3030 715 3091 consociatur
735 3032 904 3090 Melocastus
924 3050 956 3087 ex
973 3030 1082 3087 Linnaeo
1101 3028 1253 3097 uuilobus,

159 3132 188 3186 δι
206 3128 328 3186 Liliaccis
349 3126 467 3186 unilobis
485 3131 587 3186 Juncus
605 3149 639 3187 ex
657 3125 816 3185 Adansouio
835 3123 945 3184 bilobus
961 3145 971 3195 3
988 3121 1030 3182 -fic
1048 3121 1257 3184 Pedicularibus

159 3223 262 3285 bilobis
280 3225 450 3283 contermina
460 3222 540 3282 datur
551 3220 721 3282 orobanche
739 3243 772 3282 ex
789 3220 889 3282 eodem
906 3220 1029 3282 uniloba.
1042 3216 1095 3275 Sed
1106 3238 1143 3276 cac
1154 3218 1258 3280 iterati

159 3318 356 3383 observatione
380 3317 575 3379 confirmandae
604 3319 665 3377 sunt
687 3318 852 3379 assertiones.
878 3315 950 3377 Mihi
977 3312 1085 3389 quidem
1113 3312 1185 3372 visus
1212 3315 1255 3376 est

159 3421 263 3480 Iuncus
272 3413 388 3490 omnini>
397 3413 542 3488 uuilobus,
555 3418 630 3491 cujus
644 3417 821 3490 germinantis
837 3413 936 3474 folium
947 3412 1103 3485 primarium
1120 3407 1253 3486 stmplex,

161 3514 246 3582 apices
254 3531 352 3587 gerens
369 3507 486 3569 crustam
497 3506 608 3569 seminis
625 3510 809 3583 pctfistentem
828 3509 910 3580 (vide
921 3506 994 3568 infr'a
1004 3506 1179 3586 Monocotyl.
1193 3507 1251 3584 obs.

160 3622 196 3679 p.-
211 3611 281 3680 12),
299 3605 355 3667 bafi
377 3607 522 3681 vaginante
541 3624 636 3667 caetera
653 3605 724 3667 folia
736 3609 845 3684 juniora
858 3605 1055 3677 compledlitur.
1067 3604 1196 3662 Similiter
1210 3624 1253 3662 re·

161 3699 358 3778 cognoscenda
370 3700 409 3762 est
421 3703 586 3779 germinatio
594 3717 692 3777 anceps
707 3700 890 3760 Aroidearum
900 3710 926 3760 δι
939 3699 1081 3771 Cuscutae‚
1096 3707 1123 3758 ὃ(
1135 3699 1253 3758 Ranun.

159 3796 217 3856 auli
233 3794 365 3872 glacialis
383 3799 418 3858 L.
438 3820 471 3858 ex
489 3797 652 3873 quibusdam
675 3797 776 3859 folium
799 3794 928 3855 seminale
950 3798 1061 3855 unicum
1079 3797 1251 3867 emittentis,

160 3895 208 3967 qui
230 3892 328 3952 reditis
346 3892 417 3954 fortd
435 3892 627 3955 existimandus
645 3893 685 3952 est
698 3891 817 3955 secundo
840 3912 914 3954 anno
925 3891 1063 3966 pullulans
1078 3891 1254 3969 monophqu

160 3986 203 4050 lus
213 4033 223 4063 ,
236 3985 319 4063 quaint
337 3989 427 4061 primo
448 3992 608 4068 germinans
626 3987 763 4051 miletus
