2580 4470
1131 71 1179 166 xli

136 223 174 287 50.
186 207 249 270 Alii
262 206 393 272 tertiarii
410 204 772 283 semimiformesmodb
784 206 816 269 in
830 208 988 272 ordinibus
996 209 1181 286 constantes,

78 338 80 367 ι
102 308 182 372 1οῶ
203 310 306 384 varii,
333 327 400 372 tum
422 329 461 373 ex
488 309 609 389 organis
629 307 829 371 essentialibus
850 324 914 371 tum
940 331 979 373 ex
1000 311 1068 373 aliis
1090 312 1181 375 dedu·
1223 334 1228 353 ¹

78 396 196 473 ⁵crmtur
208 455 223 481 ,
240 411 352 492 nempe
366 411 386 473 ὲ
398 412 491 473 calice
507 430 602 473 mono
619 427 672 473 aut
692 410 892 493 polyphyllo,
904 413 1039 492 germine
1055 412 1181 492 simplici

89 528 140 572 rur
162 512 338 593 multiplici,
354 513 512 576 staminum
530 531 659 575 numero
672 513 916 594 &proportione
929 513 963 573 δι
977 516 1182 589 connexione,

88 610 206 673 studiis
224 613 406 677 dehiscentia
426 614 459 676 δι
479 615 654 677 loculorum
678 632 806 676 numero
823 660 833 689 ,
851 612 994 677 foliorum
1016 614 1050 675 δι
1071 615 1184 676 florum

90 709 171 788 lim,
189 713 274 774 caule
302 714 436 776 arboreo
464 730 517 775 aur
543 713 722 784 herbaceo,
750 713 871 795 aliimue
891 729 944 776 aur
965 714 1111 776 similibus
1132 732 1186 779 aut

90 809 258 872 levioribus
283 813 390 882 notis,
414 832 482 892 quae
501 810 636 874 seorsum
664 812 825 891 generibus
849 811 1059 892 distinguendis
1080 829 1182 895 aptae,

85 909 169 974 fimul
194 912 378 975 deliniendis
397 913 555 975 ordinibus
580 912 801 993 impenduntur.
824 912 992 976 Necessaria
1014 914 1093 976 inter
1116 914 1182 977 illas

81 1029 185 1079 met
203 1013 388 1076 instituenda
404 1014 566 1097 gradatio,
588 1032 662 1075 cum
682 1014 750 1075 aliae
774 1014 842 1076 aliis
860 1015 917 1075 lint
934 1031 986 1076 aut
1011 1015 1105 1077 multb
1128 1031 1182 1078 aut

80 1115 172 1198 [aiulo
184 1116 417 1181 constantiores.
437 1117 496 1180 Sed
516 1116 640 1179 ulterior
660 1117 841 1198 promoveri
856 1117 1083 1198 nequitearum
1103 1117 1181 1180 aetti-

82 1221 183 1282 mtio
197 1239 272 1300 quae
282 1217 388 1282 sorsin
407 1220 584 1302 pauciorum
602 1237 683 1282 nunc
692 1220 832 1283 ordinum
847 1219 1067 1283 notissimorum
1080 1220 1184 1302 inqui·
1222 1244 1227 1253 ·

81 1319 194 1383 stione
215 1320 391 1384 illustratur.

116 1420 203 1482 Illud
213 1421 335 1483 tantirm
351 1422 384 1483 in
398 1437 541 1504 promptu
550 1422 674 1502 jamjam
688 1422 868 1488 concludere
882 1422 986 1502 iuvat,
1005 1424 1114 1505 nempb
1125 1422 1184 1484 dis·

81 1522 460 1586 muasdrricaranrrum
476 1524 619 1585 cohortes
638 1523 749 1603 quibus
762 1523 883 1602 singulis
902 1525 972 1586 suus
983 1525 1025 1587 est
1038 1525 1183 1605 generalis

85 1623 267 1704 przlsantiae
284 1623 412 1703 gradus,
435 1642 504 1703 quae
520 1639 621 1683 tamen
643 1639 707 1683 non
727 1624 812 1680 certb
830 1622 1062 1703 circumscriprae
1083 1639 1185 1686 extre·

91 1725 152 1784 mis
163 1722 241 1786 inter
255 1723 283 1787 se
301 1725 460 1786 cohaerent
471 1743 507 1786 ac
519 1723 603 1805 quafi
618 1723 855 1805 complicantur,
864 1722 898 1784 δι
906 1723 1123 1804 polihicaniio
1136 1743 1186 1786 or·

90 1825 196 1886 diuum
205 1825 279 1888 vers
288 1827 472 1889 naturalium
483 1844 630 1902 numero,
643 1825 786 1907 ampliato
797 1824 1044 1887 observationum
1058 1844 1186 1908 cumpo,

92 1925 292 2006 multiplicatis
307 1927 523 2008 probationum
542 1926 710 1988 rationibus
729 1925 960 1989 &accuratiori
980 1924 1107 1988 subinde
1122 1923 1185 1985 ins-

91 2027 181 2091 (ἰωή
187 2028 408 2104 estimatione,
423 2029 454 2088 in
466 2029 567 2109 plures
581 2026 680 2113 apriirs
693 2025 833 2087 definitas
845 2028 953 2089 iterum
964 2025 1145 2089 divideumr.
1162 2018 1165 2022 ’

124 2130 265 2193 Admissi
287 2129 410 2192 interim
430 2127 548 2190 trifarid
567 2127 750 2191 caramerum
772 2129 981 2208 genericotum
998 2127 1185 2209 partitione,'

93 2230 186 2313 disper
203 2250 247 2296 ex
268 2231 310 2292 iis
330 2231 489 2292 deducitur
512 2249 657 2310 generum
670 2230 820 2307 affinitas,
834 2230 949 2292 scilicet
966 2229 1045 2291 nulla
1060 2227 1183 2292 exsulis

97 2329 367 2395 seruiuniformibus
376 2330 502 2392 minoris
514 2347 615 2405 notae,
629 2330 789 2393 mediocris
802 2350 841 2393 ex
851 2329 956 2393 iisdem
968 2330 1183 2392 constantiori-

100 2432 169 2509 bus,
181 2433 285 2515 aliqua
297 2452 337 2494 ex
357 2431 633 2504 subuniformibus,
652 2431 750 2511 major
769 2452 807 2494 ex
825 2431 1034 2494 uniformibus
1049 2429 1183 2491 Aliundb

105 2532 182 2595 mam
196 2534 231 2594 in
248 2534 436 2596 instituendis
456 2535 615 2596 ordinibus
638 2534 713 2596 verb
731 2534 918 2596 naturalibus
939 2532 1058 2595 diversa
1080 2531 1184 2611 cujus-

78 2698 80 2703 .
108 2630 168 2697 lbet
180 2635 353 2717 partitionis
365 2635 412 2707 *est
426 2636 561 2699 habenda
578 2636 659 2697 ratio
669 2657 677 2694 r
688 2654 798 2716 genera
812 2636 936 2697 enimin
958 2635 995 2695 iis
1008 2633 1185 2696 coordinata

78 2744 82 2863 j
112 2735 282 2799 cnnlmtiunt
300 2736 461 2801 necessarii>
480 2736 678 2798 caraileribus
696 2736 867 2817 primariis,
883 2734 1060 2814 generaliter
1078 2733 1184 2796 secun-

78 2878 80 2905 ÷
117 2831 554 2920 hiis,p1urimumrerriariis
575 2838 846 2909 constantioribus‚
864 2835 1012 2897 interdum
1023 2834 1126 2897 iisdem
1136 2835 1184 2895 in·
1215 2841 1218 2846 '

78 2916 81 2981 Ῑ
120 2932 304 3001 lrbiliuribus.
319 2939 368 3001 Sic
379 2939 409 2999 in
421 2936 649 3000 Cruciserarum
664 2937 772 3000 ordine
788 2936 923 3017 primarii
941 2933 1104 3000 unifo‘rmes
1119 2936 1184 2998 sunt

78 3006 89 3137 l
116 3033 218 3101 &mim
238 3040 409 3122 hypogyna
433 3039 465 3100 δι
486 3040 643 3100 corculum
663 3037 809 3100 bilobum.
828 3036 1000 3099 Secundarii
1019 3037 1087 3099 sunt
1108 3038 1185 3117 peri·

78 3142 83 3227 ᾗ
115 3132 203 3218 sperni
215 3140 370 3215 defends,
391 3139 471 3200 calix
485 3140 612 3201 exiliens
634 3139 811 3218 &germini
830 3138 964 3215 inferus,
987 3137 1104 3200 corolla
1123 3137 1184 3215 hy·

78 3230 80 3297 l
115 3254 218 3321 pogym
235 3242 268 3304 δι
284 3241 482 3323 polypetala‚
500 3242 615 3304 corculi
635 3241 767 3305 radicula
784 3241 983 3312 descendens,
1004 3238 1117 3300 semina
1139 3235 1186 3293 iu«

116 3336 175 3401 lette
199 3340 310 3422 duplici
339 3341 531 3424 receptaculo
554 3341 667 3402 laterali
690 3341 841 3424 opposito.
865 3341 1007 3403 Tertiarii
1038 3338 1185 3397 habentur

78 3470 80 3475 ·
117 3441 174 3503 talin
192 3444 389 3525 tetraphyllus
415 3443 578 3516 deciduus,
601 3443 700 3522 petala
719 3460 850 3525 quatuor
870 3445 955 3504 calici
976 3441 1108 3513 alterna,
1128 3438 1185 3501 sta·

118 3541 180 3604 mim
199 3545 245 3609 lex
269 3546 502 3625 tetradynama‚
526 3562 648 3624 germen
673 3544 817 3626 simplex,
839 3545 950 3606 frudus
973 3537 1125 3619 siliquosus
1140 3541 1185 3600 bi·

114 3639 233 3708 locularis
254 3647 416 3722 bivalvis,
443 3646 517 3709 folia
537 3646 672 3722 alterna,
699 3647 790 3709 tiores
812 3665 875 3706 non
898 3642 1056 3714 axillares3
1079 3655 1183 3703 extant

114 3755 194 3806 tamen
212 3747 355 3809 rariffime
382 3748 460 3808 calix
486 3746 662 3828 persistens,
684 3746 774 3809 liores
795 3747 906 3806 abortu
927 3740 1040 3802 diandri
1062 3760 1113 3804 aut
1133 3756 1183 3801 te-

113 3847 229 3926 ttndri,
251 3848 359 3912 fruetus
371 3849 423 3911 uni
435 3865 486 3912 aut
498 3849 682 3912 trilocularis
696 3868 758 3910 non
770 3844 944 3917 dehiscens,
960 3843 1034 3908 iulia
1046 3843 1183 3926 opposita
