2580 4470
1046 124 1122 198 xlix

31 272 143 341 'snm
167 275 246 339 Inde
263 275 375 359 septem
394 273 546 356 prodeunt
562 269 745 333 secundariae
769 267 895 345 classes,
919 267 1122 333 uniformibus

27 396 217 460 egenorum
235 375 431 440 essentialium
446 373 534 455 figuis
548 371 686 435 desinite

59 480 139 542 Hac
171 478 300 540 ulterior
323 475 537 556 Vegetautium
565 472 720 534 ordinatio
749 471 946 534 confirmatur
975 471 1125 533 divisone

22 580 239 645 numanum
259 577 371 659 pariter
388 575 551 657 septenaria
562 597 593 655 p.
605 575 657 634 xlv
667 574 869 655 &praecipuis
880 573 984 635 itidem
995 575 1126 652 partium

21 679 231 762 primitiarum
251 675 453 738 muneribus
478 672 615 735 stabilita.
629 672 854 757 Quadrupedes
870 674 950 735 enim
974 673 1006 734 δι
1023 673 1128 748 Aves,

24 779 128 841 corde
142 778 297 840 biloculari
312 780 345 840 dt
360 775 563 838 biauriculato
578 770 709 846 umato,
718 775 886 856 discrepant
899 775 1021 837 sexuum
1033 774 1127 836 strue·

29 882 102 941 uui
116 881 334 943 determinante
354 877 579 958 generationem
601 877 634 935 iu
655 876 703 937 his
719 877 894 958 ovipatam,
912 876 944 935 in
963 875 1023 936 illis
1040 875 1127 935 vivi·

28 1000 141 1062 param.
159 980 322 1043 Manifesta
335 980 428 1040 etiam·
438 977 526 1039 datur
537 976 713 1038 eorumdem
727 995 910 1056 organorum
924 975 1126 1039 dissimilitudo

26 1080 242 1162 'mlleptilibus
260 1079 294 1140 δι
311 1079 460 1147 Piscibus,
478 1076 571 1139 corde
590 1074 769 1139 uniloculari
781 1075 814 1139 δι
829 1077 1048 1139 uniauticulato
1065 1097 1124 1140 cae·

27 1182 123 1243 κῐίιω
137 1179 362 1242 conformibus.
374 1177 458 1258 Apte
471 1177 582 1256 igitur,
594 1175 679 1237 velut
689 1175 765 1237 rami
778 1162 958 1255 prodeuntes
968 1195 1006 1240 ex
1015 1177 1122 1247 eidem

29 1281 135 1363 dirpe,
155 1294 332 1360 congruunt
354 1278 422 1339 duae
447 1276 544 1357 Regni
569 1276 703 1355 organici
727 1292 826 1357 partes
850 1296 976 1358 quarum
995 1277 1120 1358 fimplex

31 1382 217 1445 &constans
231 1381 266 1442 δι
285 1383 373 1443 certd
394 1378 556 1459 coequalis
575 1377 703 1441 babetur
720 1377 800 1445 talio
821 1393 912 1460 atque
933 1379 1117 1462 progressio,

30 1481 271 1562 itautpriucipia
280 1480 333 1540 uni
340 1477 458 1539 addida
471 1478 557 1540 alteri
569 1478 659 1539 etiam
671 1479 876 1553 conveniant,
893 1479 925 1539 δι
940 1499 979 1541 ex
997 1481 1117 1562 organis

32 1580 62 1641 in
74 1581 206 1662 utrique
224 1578 386 1659 praecipuis
404 1595 439 1638 ac
462 1576 593 1637 similiter
614 1577 769 1657 agentibus
790 1597 949 1658 compares
969 1595 1032 1643 tum
1056 1581 1117 1661 pri·
1174 1646 1177 1650 ³

35 1678 132 1742 uarias
149 1679 329 1752 dividuum,
344 1692 409 1739 tum
425 1675 606 1737 secundariae
618 1676 784 1740 eliciantur.
803 1677 990 1742 Definiendis
1010 1681 1040 1741 iu
1060 1681 1118 1741 bic

10 1810 13 1863 ς
40 1798 89 1842 aut
101 1780 154 1840 illia
167 1779 290 1841 natum
307 1775 443 1838 claffibus
461 1793 523 1836 non
542 1774 693 1839 sufficiunt
710 1794 820 1855 organa
839 1774 980 1837 inferiora
997 1792 1048 1837 aut
1066 1778 1116 1837 in-

10 1918 14 1951 ,-
41 1878 348 1960 ἱαὶαεοιμηοιιιω
363 1877 549 1958 superiorum
564 1877 647 1939 modi
663 1879 699 1939 dc
719 1875 788 1938 inde
811 1876 926 1940 dedusli
953 1877 1117 1941 canderes

10 1974 17 2091 ι
43 1980 79 2041 ad
94 1979 229 2041 summum
252 1978 401 2052 tertiarii,
416 1978 471 2060 qui
487 1977 694 2041 Methodicum
711 1977 874 2060 quemlibet
888 1979 925 2040 iis
938 1978 1115 2045 innitentem

10 2102 20 2135 r
46 2078 190 2143 innuali
207 2079 361 2141 abducunt
379 2080 521 2148 tramite,
541 2078 594 2139 nisr
614 2076 706 2139 fauste
723 2094 811 2139 notas
831 2078 955 2158 seligens
974 2080 1114 2144 essentia-

45 2176 113 2243 ΕΜ
124 2180 326 2257 mnsociatas‚
341 2177 487 2262 assumpto
495 2179 535 2243 sic
547 2177 685 2243 famulati
697 2178 799 2262 siguo,
812 2180 987 2263 primarium
1001 2184 1113 2249 inscius

10 2444 13 2451 .
74 2379 213 2446 Eximium
235 2385 448 2448 Triauoneusrs
467 2385 664 2447 ordinationis
686 2385 835 2448 Autorem
858 2385 946 2448 Bern.
969 2387 1110 2452 lullaeum

10 2474 15 2551 ’.
50 2486 243 2562 manmena
259 2488 325 2547 naec
338 2487 519 2547 caramerum
530 2485 1112 2567 inaequalitas,&instabilium.abjedio‚

51 2575 305 2647 damnandorum
315 2585 497 2667 praeslautia,
512 2583 545 2644 δι
561 2584 689 2664 dignitas
708 2585 823 2647 corculi
843 2602 932 2666 atque
947 2585 1111 2651 sexualium

53 2694 226 2763 mamm,
242 2688 276 2745 dt
291 2685 417 2746 affinitas
436 2703 579 2765 generum
598 2704 687 2765 atque
701 2686 842 2746 ordinum
856 2685 935 2750 bisce
954 2688 1041 2767 signis
1058 2705 1111 2751 aut

10 2842 24 2853 .
52 2786 158 2861 ruditus
174 2787 329 2868 primariis
345 2786 552 2848 consimilium.
573 2785 667 2866 Quos
681 2786 846 2848 construxit
860 2788 998 2865 ordines,
1018 2790 1040 2851 ii
1055 2809 1111 2870 ge-

52 2888 150 2947 unum
165 2888 241 2950 vere
262 2889 461 2950 naturales&
482 2888 638 2968 principiis
652 2887 739 2948 antei
758 2890 931 2975 memoratis
948 2892 1059 2970 aptati,
1079 2893 1110 2953 in

21 3022 24 3029 ·
53 2979 212 3062 mmmm
240 2988 356 3052 classem
380 2989 577 3071 suprididiam
603 2987 847 3057 distribuuntur,
868 2989 971 3050 habiti
991 2993 1110 3055 ratione

10 3148 13 3153 .
51 3080 310 3152 marmoreus
329 3094 361 3152 ὃ(
375 3091 532 3154 staminum
544 3090 713 3153 insertionis
725 3088 757 3149 dt
772 3090 896 3151 corollae
913 3091 1110 3157 slaminiferae.

49 3179 130 3250 llullas
145 3193 253 3253 reveri
266 3191 396 3253 classium
410 3195 537 3254 caesuras
552 3191 683 3263 indicat,
702 3191 782 3272 quasi
798 3194 850 3272 qui
867 3212 929 3254 non
946 3195 1045 3258 classes
1059 3196 1111 3257 sed

47 3288 143 3352 tribes
160 3294 278 3353 tantum
297 3291 466 3367 admiserit3
483 3293 579 3354 sedin
599 3293 726 3373 privatis
746 3293 933 3355 documentis
949 3294 1111 3374 praemiffos

10 3440 13 3449 .
43 3383 138 3470 stupet
150 3394 326 3472 praedicavit
335 3393 517 3467 catasieres,
533 3393 723 3473 &praeterea
743 3393 827 3457 seriei
839 3395 875 3455 ab
894 3415 933 3456 eo
946 3394 1110 3476 proposrtae

41 3491 222 3554 consideratio
237 3493 287 3553 vel
299 3493 398 3554 levior
410 3494 527 3554 abunde
541 3495 719 3574 comprobat
731 3496 807 3556 hanc
821 3496 875 3576 ipsi
886 3495 969 3556 fuisse
981 3510 1110 3559 mentem

10 3578 14 3589 ¹
38 3606 67 3650 ut
79 3593 179 3656 borum
199 3595 356 3657 communi
374 3615 451 3656 nexu
470 3595 541 3657 suos
559 3596 680 3656 ordines
699 3596 863 3675 colligaret.
882 3595 1033 3658 Omnibus
1046 3617 1107 3660 me-

10 3674 12 3697 '
34 3692 124 3756 tltodis
142 3697 306 3777 fimplicior
331 3716 365 3757 ac
384 3713 498 3756 naturae
518 3697 673 3777 sequacior
692 3698 811 3758 ordines
830 3714 866 3758 ut
885 3696 1044 3774 plurimum
1064 3701 1109 3770 in.

29 3810 119 3877 regnos
136 3798 240 3859 servat
259 3799 324 3858 haec
346 3798 534 3870 distributio,
557 3819 626 3880 quae
647 3816 746 3860 tamen
765 3800 803 3860 ad
823 3796 928 3856 seriem
955 3798 1109 3870 indivisam

27 3894 148 3977 spet'mns
172 3901 208 3962 dc
232 3898 344 3961 idcircd
370 3897 478 3962 fatente
501 3902 619 3985 Autnre
643 3921 706 3964 non
737 3897 833 3961 stride
861 3899 1028 3970 methodica
1055 3923 1109 3976 nec

940 4005 965 4082 d
