2580 4470
173 199 199 279 ¹)
979 272 983 277 .

171 312 402 400 uniuscuiusque
416 308 557 395 corporis
571 322 746 392 compagem
760 306 793 389 δι
806 303 970 371 existentiae
985 302 1110 368 modum
1128 292 1263 386 specialis

170 420 321 504 exprimit
343 419 430 481 Hauc
451 417 502 479 sub
520 399 620 497 primo
642 411 778 495 respeslu
799 410 912 492 siquis
932 409 1078 489 integram
1093 405 1146 467 fibi
1169 404 1262 467 fidens

169 522 278 585 audeat
294 517 466 600 capessere,
486 516 604 577 animos
621 513 671 576 ille
690 511 793 601 grandi
808 510 953 572 detinebit
965 525 1108 590 apparatu
1124 508 1159 569 δι
1173 504 1266 587 splen·

170 623 245 701 dido
266 621 371 697 illiciet
392 618 530 699 sermone
546 615 724 697 idoneisque
743 613 848 695 verbis
858 632 870 691 3
888 611 937 675 sed
956 611 1074 691 sincero,
1089 628 1194 691 terum
1210 627 1261 671 na·

170 725 310 788 ruralium
333 706 541 802 investigatori
558 738 619 781 non
639 716 749 780 sufficit
764 735 867 778 earum
883 710 1098 794 compendiosa
1117 711 1261 774 delibatio

170 841 226 890 aut
244 824 381 906 cognitio
402 821 550 911 inchoata.
576 819 634 903 ipsi
661 816 809 885 noscenda
837 814 922 898 ptiirs
950 813 1132 896 singulorum
1159 826 1261 883 natura

170 945 334 1009 corporum
354 923 495 987 omnibus
510 920 571 984 suis
589 919 726 1003 partibus
741 916 902 993 absoluta,
921 935 1011 999 quam
1024 914 1174 979 deliniunt
1188 934 1261 997 pre·

168 1025 259 1109 cipue
280 1022 477 1089 elementaris¹
487 1019 668 1103 compositio
689 1020 721 1081 δι
740 1017 883 1098 organica
899 1014 1024 1089 fabrica.
1045 1014 1120 1077 Inde
1142 1011 1273 1079 scientia·

170 1127 304 1209 duplex,
325 1126 541 1189 elementorum
560 1121 593 1183 δι
611 1138 795 1200 organorum
807 1114 1035 1195 distinslisiuna,
1052 1118 1195 1209 altera-in
1207 1116 1259 1183 eso

167 1228 275 1293 mentis
294 1227 424 1305 indolem
445 1226 477 1287 δι
494 1224 654 1289 numerum'
659 1221 936 1303 &proportionem
953 1218 985 1280 δι
1006 1234 1144 1281 mutuam
1164 1220 1256 1285 affini·
1286 1225 1290 1304 ξ

168 1342 259 1390 tatem
283 1341 483 1409 computans,
510 1323 605 1385 altera
625 1321 657 1382 in
680 1320 802 1402 organis
823 1324 974 1383 testatam
999 1319 1031 1381 δι
1052 1328 1212 1383 numerum
1227 1318 1268 1383 dr·
1285 1309 1290 1380 Ι

168 1428 393 1510 dispositionem
420 1426 452 1486 δι
479 1422 678 1505 praeslantiam
700 1421 732 1482 ἃ
749 1421 933 1502 reciprocam
956 1420 1106 1484 albionem
1130 1422 1256 1485 metiens

167 1529 450 1610 Rejiciendaigitur
468 1542 557 1588 vetus
567 1523 692 1605 triplicis
706 1522 802 1605 Regni
819 1522 983 1598 distinciio,
997 1520 1106 1605 nempe
1121 1524 1256 1586 Animae·

167 1632 268 1703 tium,
291 1616 503 1712 Vegetantium
521 1627 552 1687 ἃ
571 1624 765 1687 Mineralium
780 1669 791 1696 ,
807 1624 857 1687 cui
883 1624 994 1686 reclilts
1009 1623 1197 1689 substituitur
1214 1644 1255 1691 re·

170 1736 287 1797 centior
299 1732 425 1814 partitio
441 1729 471 1789 in
489 1727 626 1808 Regnum
646 1726 822 1808 organicum
836 1725 1015 1807 &Regnum
1032 1726 1254 1817 inorganicutn,

169 1836 239 1899 hinc
260 1833 420 1898 Mineralia
437 1831 519 1907 sola,
541 1829 622 1890 illinc
643 1829 818 1893 Animantia
841 1849 910 1891 cunr
931 1826 1156 1910 Vegetautibus'
1173 1848 1251 1905 com·

190 1939 308 2002 sedens.
1222 1998 1230 2010 ,

142 1960 188 2102 ΣΡ
208 2037 414 2119 Inorganicam
433 2031 625 2096 Mineralium
641 2047 778 2095 naturam
788 2030 943 2097 constituit
957 2052 1122 2117 compages
1134 2032 1255 2115 elemen-
1288 2097 1290 2112 ,

59 2167 66 2183 ·
169 2159 270 2203 torum
286 2140 316 2199 in
334 2134 455 2199 diversa
468 2135 645 2199 co'e'untium
660 2135 753 2197 mixta
767 2154 898 2218 quorum
919 2136 1151 2218 juxtaposirione
1169 2137 1256 2203 mine·
1287 2119 1290 2211 l

169 2242 231 2306 tale
250 2258 362 2323 corpus
384 2226 528 2321 exurgit,
546 2237 729 2320 adaugetur,
747 2238 925 2320 perficitur;
948 2238 1058 2322 quibus
1078 2239 1183 2321 posted
1203 2238 1254 2303 dis·
1284 2225 1290 2314 l

168 2324 278 2426 junslis
296 2341 428 2407 vicissim
446 2338 624 2416 destruitur,
635 2340 797 2403 recentiori
813 2360 893 2403 nexu
914 2340 944 2401 in
964 2359 1048 2403 nova
1067 2343 1256 2423 concrescent
1283 2315 1290 2444 Ι

169 2460 301 2529 corpora
325 2463 388 2531 non
408 2442 462 2525 ipsr
482 2461 590 2507 coaeva
608 2441 659 2503 sed
678 2461 717 2506 ex
739 2442 870 2522 ejusdem
892 2441 1004 2505 detritu
1024 2439 1125 2518 faeta,
1142 2442 1290 2523 dislincgs

170 2546 319 2610 tissimum
328 2547 365 2608 ab
385 2560 454 2613 ente
472 2543 618 2625 organico
636 2542 713 2607 infra
730 2544 909 2607 definiendo.
931 2544 965 2606 In
986 2544 1257 2623 examinanddlli
1283 2525 1290 2544 l

169 2647 314 2711 neralium
331 2644 431 2711 fornii
443 2644 475 2706 δι
490 2643 640 2726 politione
652 2643 893 2706 mutuisubsidet
904 2644 1106 2726 Mineralogia
1113 2665 1125 2727 3
1136 2644 1257 2721 ulteriiu

169 2738 307 2830 procedit
319 2746 463 2820 Chemia,
475 2742 630 2829 sejungens
649 2745 761 2826 analyst
782 2746 947 2826 corporum
959 2746 1130 2829 principia,
1150 2747 1257 2825 horunc
1284 2733 1290 2832 Ι

170 2847 391 2930 deprehendens
410 2866 564 2909 numerum
582 2846 738 2929 variasque
760 2846 919 2929 affinitates
938 2847 1015 2909 inter
1034 2847 1065 2910 se
1081 2834 1256 2927 conserenp,
1286 2840 1290 2860 '

60 2978 64 2987 ·
171 2950 203 3010 dt
216 2951 309 3032 ipsam
321 2948 447 3013 fecunda
461 2947 647 3030 Syntheseos
663 2964 727 3011 arte
742 2965 877 3011 naturam
889 2949 1040 3027 aemulans.
1055 3022 1060 3031 ¹

209 3054 238 3115 Α
251 3054 486 3135 praecedentibus
497 3049 594 3132 dispar
605 3048 727 3131 scientia
737 3069 920 3130 organorum
933 3051 1094 3132 explorans
1107 3066 1260 3135 naturam,
1288 3041 1290 3056 ¹

151 3172 232 3218 ,non
257 3156 288 3215 in
316 3174 423 3217 eorum
451 3152 605 3235 principiis
632 3152 798 3219 scrutandis
828 3153 975 3215 incumbit
1001 3175 1069 3238 quae
1100 3152 1257 3225 Circium

168 3256 321 3338 spedant,
339 3256 387 3317 sed
409 3255 439 3315 in
460 3252 581 3334 organis
603 3251 730 3316 formam
746 3253 968 3317 &contextum
985 3255 1017 3317 δι
1038 3255 1112 3317 vitae
1135 3257 1257 3339 modurn

169 3354 317 3440 potissime
339 3354 531 3416 confestatur.
547 3353 607 3416 Ens
627 3356 708 3416 enirn
730 3337 907 3435 organicum
931 3376 970 3418 ex
990 3355 1095 3419 solidis
1112 3357 1262 3435 &sluidit

150 3538 154 3547 Ι
169 3455 285 3520 conslat
295 3457 428 3538 partibus
439 3456 599 3537 reciproco
612 3456 642 3538 in
659 3456 690 3520 se
704 3457 838 3519 invicem
848 3456 1006 3538 agentibus
1016 3473 1119 3535 motu,
1131 3446 1261 3542 quarum
1287 3495 1290 3498 ·

170 3558 271 3619 solidae
285 3557 351 3619 aliae
369 3557 477 3621 dantur
486 3554 619 3636 similam
636 3556 870 3643 stmplicislimae,
889 3558 957 3621 aliae
975 3563 1105 3641 organica
1122 3580 1162 3623 ex
1182 3559 1256 3635 situi

169 3655 280 3717 latibus
298 3650 396 3726 faslae,
412 3650 511 3716 fluidae
530 3652 606 3718 vero
623 3646 702 3717 itittd
718 3656 879 3719 solidatum
894 3658 1056 3721 decurrunt
1071 3658 1193 3722 vascula
1208 3672 1256 3727 aut

169 3751 201 3815 in
219 3773 320 3818 earum
342 3755 456 3819 cellulis
476 3756 643 3819 constslunt.
668 3756 746 3819 Illud
763 3778 801 3820 ex
821 3778 988 3839 congenere
1009 3777 1111 3822 natum
1126 3805 1137 3835 ,
1154 3760 1263 3825 crescit.

166 3855 346 3934 praecedenti
367 3855 546 3929 conforme,
567 3858 721 3939 principiis
746 3860 912 3941 nutritione
927 3858 1153 3945 intussusceptis
1175 3862 1256 3933 inva-

164 3956 269 4035 lescit,
293 3959 393 4022 varias
411 3961 450 4023 ab
470 3975 580 4025 exortu
596 3960 634 4023 ad
653 3960 744 4041 finem
763 3963 875 4045 patitur
900 3962 1004 4042 vices,
1020 3961 1163 4027 foetutam
1181 3968 1259 4047 ptri·¹
