2580 4470
1123 193 1166 271 71

94 289 212 393 eiures
226 307 327 393 lobis
343 304 601 393 subterraneis
616 307 660 393 &
675 308 785 394 fimul
802 309 907 394 foliis
923 309 1176 396 seminali-bus

101 441 271 556 oppositis
295 441 671 557 supereminentibus
693 442 944 530 instruuntur.
964 448 1084 531 Varia
1114 448 1176 529 lo-

108 574 269 662 bulorum
308 579 502 693 plicatio,
544 604 776 664 contextura
809 585 853 666 &
889 583 1097 686 evolutio,
1129 585 1173 664 in

117 713 291 826 generibus
322 712 584 799 consimilibus
611 715 748 830 saepiirs
777 714 989 800 conformis
1017 722 1058 799 in
1089 714 1173 829 spe·

129 845 226 931 debu
243 850 528 964 congeneribus
549 851 702 966 semper
726 848 882 936 eadem.
918 936 921 941 .

165 1024 230 1094 0135.
245 1019 540 1098 Numerosrffimae
559 1027 651 1099 iuter
663 1026 875 1124 Vegetantia
888 1024 1170 1128 Dicotyledones

132 1114 297 1192 dividuntur
315 1124 450 1194 ratione
476 1121 559 1195 suus
581 1127 698 1195 mutui
728 1146 949 1220 organorum
970 1118 1168 1197 sexualium

198 1236 253 1287 aut
281 1215 432 1288 alterum
459 1217 560 1291 alteri
589 1215 846 1292 submittuntur
871 1238 933 1290 aut
958 1218 1173 1317 juxtapofita

78 1336 83 1387 ;
130 1237 204 1383 llll:
222 1309 269 1384 fic
288 1311 435 1385 stamina
454 1318 607 1416 epigyna
632 1315 761 1414 pistillo
780 1311 955 1402 insident,
971 1312 1168 1424 hypogyna

130 1396 171 1477 sub
190 1405 306 1478 eodem
331 1405 560 1498 inseruntur,
598 1414 769 1521 perigyna
789 1411 890 1484 calici
912 1407 1085 1482 ambienti
1114 1416 1170 1483 in-

130 1495 231 1574 herent.
243 1502 386 1602 Triplex
403 1502 476 1579 hac
493 1503 635 1579 insertio
656 1505 917 1603 immediatadici
933 1505 1066 1604 potest,
1083 1512 1170 1604 quia

78 1640 93 1727 p
130 1592 239 1671 limina
260 1597 465 1673 inunediate
488 1602 619 1699 triplici
649 1599 882 1674 insertionum
903 1603 1037 1698 pundo
1063 1601 1172 1676 infixa

131 1684 194 1764 sunt
207 1695 339 1785 Quarta
352 1702 558 1770 memoratis
578 1697 638 1771 hic
652 1697 796 1771 additur
817 1693 959 1768 insertio
979 1694 1170 1772 staminum
1260 1745 1275 1783 ‚-

78 1768 85 1871 l
130 1792 224 1860 uidua
248 1789 368 1880 dua,
400 1793 530 1891 nempe
554 1794 730 1891 epipetala
753 1795 812 1864 leu
843 1789 945 1889 supri
968 1790 1169 1882 corollam,

78 1884 85 1907 ¹
130 1883 300 1960 cumtribus
323 1887 397 1960 aliis
421 1883 668 1962 insertiouibus
685 1887 900 1962 immediatis
918 1884 1064 1960 seorsim
1081 1913 1171 1962 con-

78 1914 86 2071 l
129 1977 263 2072 dliruda,
283 2008 351 2082 pro
380 1982 557 2060 consimili
578 1986 718 2058 corollae
745 1981 926 2106 ipfiusmet
947 1977 1169 2058 staminiserae

78 2082 80 2175 J
124 2070 286 2151 msertione.
311 2075 476 2152 Diversus
500 2079 607 2170 ideo,
634 2081 780 2154 relative
800 2079 846 2154 ad
871 2079 1067 2177 pistillum,
1085 2078 1169 2153 situs

78 2180 80 2197 '
121 2166 276 2247 laurinum
302 2177 561 2274 epipetalorum
615 2203 667 2250 uae
694 2175 848 2249 mediate
874 2173 934 2248 seu
961 2174 1168 2274 interpositi

120 2266 228 2342 emolli.
240 2270 408 2344 iuhaerent
421 2272 551 2370 triplici
568 2203 800 2346 idlerrionum
820 2274 963 2371 pundo
979 2271 1030 2343 Ut
1046 2293 1168 2345 autem

119 2363 219 2532 giplpx
239 2388 333 2439 extat
354 2368 559 2442 immediata
579 2370 768 2442 staminum
788 2365 930 2441 insertio
946 2366 992 2441 ab
1011 2370 1169 2442 invicem

141 2459 148 2471 ’
171 2463 177 2474 ’
198 2465 337 2535 &issima
351 2488 415 2536 nec
431 2490 591 2564 unquam
606 2469 643 2537 in
657 2465 785 2538 eodem
797 2464 923 2537 ordine
943 2463 1144 2561 promiscua
1155 2516 1181 2553 ,.

122 2546 323 2632 semediata
350 2559 477 2650 triplex
510 2559 655 2633 subsistit
713 2565 827 2647 ariter*
847 2559 1030 2639 essentialis
1055 2561 1096 2633 &
1120 2560 1168 2636 ab

122 2646 244 2726 invicem
268 2656 420 2728 omnini)
450 2652 658 2756 discrepans.
684 2586 831 2729 lusertio
864 2678 983 2728 aurem
1013 2655 1169 2730 mediata

122 2734 338 2849 suepipetala
355 2751 581 2825 necessariam
606 2751 738 2825 indicat
760 2752 976 2824 existentiam
998 2751 1165 2841 corolla,

124 2835 297 2946 Plerumque
328 2871 371 2923 ex
408 2845 599 2920 observatis
630 2871 716 2921 tuuc
744 2848 994 2944 monopetalae.
1020 2844 1167 2939 Insertio

129 2940 295 3015 muediara
313 2943 371 3014 vel
395 2942 441 3014 est
460 2947 653 3039 absolutam
673 2943 865 3016 mediatam
882 2945 1012 3014 mutari
1026 2939 1166 3032 nescia,

125 3020 188 3105 din
201 3038 329 3111 corolla
347 3034 599 3137 supprimitur,
625 3062 665 3112 ur
685 3043 723 3113 irr
747 3039 924 3136 Apetalisa
944 3039 1002 3110 vel
1026 3039 1165 3136 eststm-

120 3128 223 3212 plui„
253 3133 445 3207 mediatam
478 3133 627 3210 fortuiti)
661 3134 869 3225 mutabilis,
909 3131 997 3207 drlm
1030 3135 1165 3207 corolla

124 3220 230 3301 exiliens
256 3256 331 3303 non
361 3233 449 3327 gerit
474 3229 621 3304 stamina
650 3234 690 3304 &
717 3253 836 3304 tamen
869 3226 958 3304 ferre
982 3230 1165 3302 interdum

121 3322 220 3414 Potest,
243 3348 282 3399 ut
305 3329 341 3398 in
365 3322 540 3424 plerisque
559 3326 771 3424 Polypetalis
797 3353 951 3427 quarum
975 3325 1091 3422 petala
1123 3328 1165 3398 dc

122 3404 260 3510 lamina,
290 3417 411 3514 sapitis
447 3447 489 3493 ex
521 3419 647 3494 eodem
678 3428 811 3515 putitio
844 3421 987 3494 seorsim
1017 3437 1162 3509 exorta,

125 3514 305 3615 quandoque
329 3515 401 3590 basi
437 3515 645 3591 coalescunt.
677 3520 841 3591 Caraeier
867 3522 972 3609 igitur
1002 3540 1043 3585 ex
1070 3518 1167 3612 ilpe-

126 3600 197 3697 ¹²lis‚
230 3614 466 3699 Monopetalis
493 3617 534 3687 dc
562 3615 772 3715 Polypetalis
804 3613 1005 3691 desumptus
1038 3614 1077 3682 δε
1100 3636 1165 3705 pa⁴

122 3709 172 3799 fens
194 3709 379 3782 commode
404 3708 618 3782 substituitur
643 3718 653 3773 (
675 3713 794 3795 paucis
819 3710 1003 3804 exceptis)
1032 3709 1072 3779 ὅ(
1097 3707 1163 3780 ad·

123 3803 243 3889 ungitur
275 3804 372 3903 signo
399 3808 568 3887 primario
602 3803 660 3877 sed
676 3800 876 3878 ⁴occultiori
902 3828 944 3874 ex
975 3797 1166 3887 respeclivo

122 3878 280 3976 lemanum
310 3896 527 4002 organorum
557 3901 653 3991 situ,
688 3898 869 4000 [eoquod
898 3897 993 3972 idem
1018 3899 1090 3990 est,
1121 3925 1164 3977 ex

855 4018 1016 4114 'Er
