2580 4470
1016 164 1123 261 miij

34 316 117 385 'parte
136 302 267 369 molinrr
284 304 486 387 depromere,
503 317 576 365 runc
594 243 763 366 solidorum
782 299 965 365 camdenum
983 303 1127 385 penurid,

39 404 233 469 tsmtialibus
251 402 426 495 promiscue
441 403 523 465 addit
533 403 735 466 inconstantes
749 420 828 484 quos
845 403 936 465 etiam
951 406 1057 483 utpote
1068 424 1127 468 nu·

36 507 210 570 nerofiores
231 504 423 588 frequentius
440 503 586 587 usurpat,
608 504 761 588 prioribus
783 505 961 586 plerumque
979 505 1125 584 negletlis.

30 600 103 669 lude
117 607 276 689 primarias
291 626 332 668 ex
345 604 503 667 slaminurn
520 623 648 668 numero
663 604 694 666 oz
712 604 911 687 proportione
927 619 1016 667 notas
1033 607 1129 669 minus

13 698 157 771 stabiles
167 708 330 785 deducens
339 676 511 770 discordes
503 727 535 768 in
545 705 649 769 nsdem
661 704 839 769 sedrorubus
849 723 985 788 congerit
995 708 1128 789 plantas

28 809 70 871 in
86 806 229 871 Diandda
254 807 345 890 Piper
366 809 401 870 δι
418 806 601 883 Jasminum,
628 807 659 867 in
677 806 837 869 Triandrid
856 806 1071 869 Tamarinrlum
1093 808 1129 869 dc

30 906 196 985 lddem,
187 926 219 970 ru
241 906 426 971 Tetrandrid
450 905 582 969 Rubiam
602 906 636 968 &
656 905 905 988 Evonymum‚
898 928 929 967 m
947 906 1127 970 Pentandrid

25 1006 194 1071 Primulam
214 1009 251 1071 &
269 1007 428 1083 coffeam,
447 1006 573 1070 Ulmum
591 1007 624 1067 dt
639 1007 798 1083 Cicutam,
817 1009 847 1069 in
864 1007 1038 1070 Hexandrid
1053 1009 1126 1071 Ber·

23 1106 163 1171 bcrldem
188 1109 223 1170 dt
239 1109 468 1190 Hyacinthum,
492 1108 524 1168 in
543 1108 706 1179 Oslandrid
726 1107 925 1189 Tropaeolum
939 1110 970 1171 dt
987 1110 1126 1187 Ericam,

20 1208 56 1273 ‘n
72 1208 257 1273 Decaudria
277 1209 475 1291 Malpighiam
495 1210 529 1272 δι
548 1207 698 1285 Alfinem,
712 1210 752 1270 *in
773 1209 957 1290 polyandrii
979 1209 1126 1275 Chelido-
1153 1280 1158 1289 ¹

20 1310 106 1373 nium
118 1312 157 1375 tr
174 1310 289 1373 'liliam
305 1311 365 1373 &c
379 1311 495 1372 Affines
509 1309 628 1374 aliunde
647 1310 773 1373 secernit
788 1310 968 1392 didynamas
980 1312 998 1371 d
1011 1327 1126 1374 tetran-

20 1408 102 1483 dis,
120 1410 275 1474 Chlorant
301 1408 512 1484 dGeotiand,
531 1410 642 1472 Blitum
662 1410 681 1472 i
703 1408 927 1492 Chenopodio,
947 1412 1065 1473 Ericam
1085 1413 1124 1473 ab

11 1510 248 1586 'Andromerld,
267 1510 488 1575 Centimculum
507 1511 547 1572 ab
567 1510 768 1591 Anagallide,
791 1510 1005 1573 Canarinama
1025 1510 1122 1576 Cam-

23 1612 161 1695 pmuli,
171 1611 359 1695 Myosurum
374 1615 393 1674 a
407 1612 606 1688 Ranunculo‚
623 1613 804 1675 Sibbaldiam
819 1614 1027 1690 aPotentilld,
1042 1614 1125 1676 Sern-

24 1715 198 1795 peruiuum
211 1716 231 1775 d
246 1714 327 1778 Sedo
335 1759 348 1790 ,
363 1713 510 1777 Calsmem
525 1714 564 1775 ab
574 1713 666 1784 llice,
682 1713 821 1774 Labiatas
839 1714 976 1775 diandras
994 1714 1124 1795 ddidy·

28 1814 134 1877 nantis
153 1860 166 1890 ,
185 1814 360 1877 (immineas
381 1814 531 1878 triandras
552 1815 590 1875 ab
621 1813 782 1876 herandris
804 1813 865 1876 dre.
890 1827 933 1896 30.
959 1813 1126 1876 Staminum

29 1934 167 1979 nmero
180 1916 222 1978 sic
237 1915 406 1997 discrepant
423 1934 485 1977 non
502 1915 618 1979 tantum
634 1934 745 1997 genera
760 1915 959 1997 cognatiffirna
981 1917 1013 1976 in
1031 1914 1126 1997 syste-

29 2032 113 2083 me
133 2016 283 2099 sejunda,
302 2015 353 2079 sed
374 2016 407 2077 dr
425 2016 537 2098 species
558 2034 739 2097 congeneres
759 2016 798 2078 ab
817 2017 950 2081 invicem
972 2017 1125 2079 dimoveri

31 2118 165 2196 bestie,
186 2120 221 2180 in
237 2117 464 2192 convallaria,
483 2115 666 2198 Polygono,
688 2117 836 2188 Rivinid,
853 2117 1019 2195 Verbend,
1037 2119 1126 2190 Gen-A

11 2220 132 2297 dans,
153 2220 334 2294 valeriana,
354 2218 479 2294 hubis,
499 2217 649 2302 Lepidio,
667 2218 829 2292 Geranio,
847 2220 1002 2298 Cerallio,
1024 2221 1122 2300 Lino,

10 2368 12 2375 -
30 2320 158 2398 filled,
173 2322 236 2384 &c
249 2369 259 2398 ‚
270 2341 398 2404 quarm
415 2300 573 2385 ardiorem
591 2342 702 2385 nexum
719 2342 780 2385 non
798 2321 890 2384 solvit
903 2323 1049 2403 systema,
1066 2344 1121 2387 ex·

10 2422 12 2429 ’
31 2424 223 2509 captionibus
242 2423 314 2485 ideb
331 2423 520 2505 deturpatum
534 2424 565 2486 δι
576 2424 675 2486 minits
691 2423 849 2487 uniforme.
862 2438 904 2500 4⁰.
917 2425 1035 2499 Simile,
1049 2426 1124 2488 licet

33 2528 123 2589 nlrb
149 2527 252 2589 rarius
270 2571 284 2597 ,
308 2524 446 2588 diversos
472 2525 604 2615 ejusdem
625 2526 733 2609 plantae
757 2527 847 2590 flores
868 2527 983 2590 obsidet
1003 2528 1122 2591 numeri

34 2628 187 2695 §seiheri
213 2629 247 2690 in
275 2627 490 2710 Monotropd,
513 2627 769 2710 Chrysosplenio,
793 2629 926 2704 Adoni,
949 2629 1122 2706 Trientali‚

37 2728 204 2805 umus,
227 2728 309 2792 uun
333 2729 456 2811 aliisque
476 2729 545 2793 inne
569 2712 719 2794 rrffidnns
740 2730 913 2794 ordinandis
934 2733 967 2794 n
989 2731 1123 2795 namnet

38 2830 117 2917 hius
135 2832 298 2897 caradieris
317 2830 536 2894 instabilitatem
553 2832 809 2895 confirmantibus.
832 2844 873 2915 5⁰.
893 2833 1042 2914 Quaedam
1065 2833 1125 2897 lle-

40 2932 170 2997 rilel'cunt
188 2948 244 2997 aut
266 2934 299 2995 dc
321 2931 545 3015 supprimuntur
567 2933 690 2994 llamina
709 2934 741 2993 in
765 2934 934 3013 Bignonid,
959 2934 1099 2997 Gratiold
1112 2981 1126 3010 ,

43 3034 173 3101 udone
193 3036 279 3113 δια,
307 3034 417 3096 abortu
443 3020 617 3096 inveterato
636 3034 804 3116 plantarum
824 3033 1046 3098 ordinationem
1066 3037 1125 3097 im-

42 3152 172 3199 nurante.
196 3140 242 3198 6⁰.
265 3132 444 3215 Gynandria
464 3126 614 3214 paritm'd
639 3131 789 3213 praemiffis
811 3132 1024 3215 (praecipuis
1050 3135 1123 3196 Μο-

44 3238 179 3320 tudda)
200 3236 345 3317 discrepat
371 3234 523 3305 classibus,
547 3237 580 3296 in
602 3254 651 3298 eas
672 3235 787 3316 optime
804 3236 1004 3311 refundenda,
1026 3238 1057 3298 δι
1078 3238 1125 3296 in-

8 3352 17 3360 ·
43 3334 119 3419 super
136 3338 255 3419 plantas
274 3337 436 3418 pauciores
453 3336 527 3398 veri
544 3337 716 3416 gynandras
731 3337 897 3417 complexa.
912 3354 955 3418 7⁰·
979 3339 1044 3398 Nec
1063 3335 1125 3396 ser-

44 3440 140 3503 randae
154 3439 256 3501 classes
273 3437 398 3500 sexuum
417 3436 590 3499 discessione
605 3438 751 3517 insignes,
770 3457 838 3500 curn
854 3443 955 3502 multae
976 3438 1125 3499 monoicae

7 3602 9 3608 ,
47 3556 92 3599 aut
110 3541 218 3602 dioicae
245 3539 277 3600 δι
303 3558 409 3604 omnes
436 3540 608 3621 polygamae
635 3540 741 3620 plantae
764 3538 838 3602 tales
867 3542 1032 3602 habeantur
1058 3537 1124 3605 solo

7 3651 13 3659 '
46 3639 163 3716 partium
178 3641 310 3712 abortu,
328 3640 411 3702 veris
421 3638 674 3720 hermaphroditis
690 3639 798 3702 rectius
813 3638 1031 3706 consociande,

7 3773 21 3807 ι,
83 3736 111 3799 si
121 3741 278 3802 methodus
292 3739 387 3802 facilis
402 3741 539 3822 &magis
551 3742 677 3804 Naturae
695 3742 802 3824 sequax
819 3741 887 3802 inde
905 3739 1053 3818 judicetur
1063 3770 1128 3830 per.
1176 3786 1286 3833 cneum·

6 3874 17 3911 ‚v
52 3834 163 3918 leuior,
183 3843 569 3906 Toutnesortianacaeteris
589 3845 728 3924 praestat,
744 3844 849 3927 utpote
869 3849 1019 3913 naturales
1033 3853 1124 3914 affini·
1145 3853 1231 3916 scripta
1240 3852 1288 3914 Μ’

55 3952 115 4004 ntes
127 3943 230 4007 minus
249 3942 445 4020 subvertens,
462 3943 715 4015 manifestioribus
737 3946 787 4010 usa
805 3943 894 4023 dgnis
912 3950 943 4013 dr
960 3952 993 4013 in
1011 3954 1132 4017 decursu
1147 3936 1265 4037 {ffim

970 4080 990 4128 C
