2580 4470
178 204 267 284 'xutq
292 223 299 230 ·

175 327 307 391 omnind
335 325 501 400 veslieme3
527 342 606 387 nune
628 325 735 406 partim
765 318 951 406 amplexante
979 336 1031 386 aut
1047 314 1170 387 lantum
1198 323 1265 389 binc

179 428 347 512 applicit03
363 426 443 489 vel
435 444 465 487 m
483 423 611 505 ejusdem
630 423 803 506 petispetmi
823 425 947 505 majoris
965 425 1090 487 foveola
1113 424 1243 486 delites
1218 442 1267 488 ctt.

219 527 405 591 Enumeratis
422 518 587 621 plantarum
602 524 740 607 partibus
760 525 871 587 cursim
891 524 1033 586 addenda
1049 524 1117 587 sunt
1128 524 1266 607 quaedam

126 661 131 666 ·
181 631 282 694 minlts
300 628 482 703 essentiales;
505 644 568 690 tum
592 616 720 689 bradeae
739 626 859 689 florales
878 626 911 689 dt
930 626 1073 689 foliorum
1098 626 1265 708 stipula&

180 733 283 816 spinos
280 747 367 794 aeaut
375 732 514 795 aculeatae
525 749 704 814 propagines
713 751 774 813 Jant
783 731 930 812 prosatae
941 731 1131 813 tumtnsupet
1139 748 1261 812 gemma

178 834 312 897 seorsum
334 834 384 899 vel
404 833 489 895 stmul
506 827 628 896 ‘florales
643 834 676 894 &
687 833 845 903 soliaceae,
861 832 998 915 plurimis
1019 830 1165 895 concessae
1181 832 1262 894 arbo-

179 937 262 997 ribus
273 935 411 997 &herbis
423 930 574 1015 dene'gat'ae
582 956 592 1010 ;
601 935 693 997 cirrhi
704 934 825 1017 spitales
838 934 956 998 indivisi
968 948 1019 996 aut
1029 918 1152 1011 ramost',
1163 931 1263 1020 plantis

175 1030 387 1100 scandentibus
398 1024 498 1098 fulcro
514 1037 667 1118 alligandis
683 1034 791 1110 utiles;
807 1035 861 1116 pili
877 1054 933 1118 pto
950 1034 1077 1097 vasculis
1091 1026 1261 1119 excietotiis

178 1138 298 1211 babiti;
323 1137 401 1199 succi
424 1137 591 1219 plantarum
609 1135 738 1198 colorati
757 1135 945 1200 lassescentes
963 1151 1016 1198 aut
1035 1135 1110 1197 lutei
1130 1151 1182 1198 aut
1200 1134 1271 1198 san·¹

116 1224 128 1236 ”
179 1239 281 1320 guinei
310 1238 391 1313 διας
412 1237 557 1318 glandulae
584 1237 676 1298 succis
697 1237 883 1300 secernendis
910 1238 1035 1300 idoneae.
1057 1236 1132 1298 Nou
1160 1235 1259 1299 metu

178 1346 299 1421 quoque
311 1339 463 1420 inaequalis
474 1326 617 1400 seminum
625 1338 803 1419 germinatio
811 1338 931 1400 citatior
940 1354 995 1403 aut
1006 1332 1144 1411 tardior,
1158 1336 1259 1401 mauis

177 1439 273 1501 multd
291 1439 356 1521 posi
371 1439 601 1501 maturationem
624 1438 715 1502 facille
730 1439 923 1521 peragenda,
941 1440 971 1499 in
990 1439 1056 1500 aliis
1069 1437 1156 1500 o'ciits
1168 1436 1259 1501 neces·

176 1532 256 1603 sarid
275 1541 457 1617 inchoanda,
476 1541 580 1602 forsan
596 1543 613 1601 l
630 1540 706 1603 statu
722 1539 857 1616 corculi,
872 1559 950 1602 nunc
962 1540 1070 1621 absque
1084 1537 1259 1623 perispetmo

176 1641 274 1721 magni
290 1641 538 1718 &'valentioris‚
559 1654 639 1705 nunc
655 1642 731 1703 intra
747 1641 962 1724 perispermum
977 1631 1138 1704 exsuccum
1155 1640 1260 1704 tenuis-

135 1803 138 1812 ,
173 1740 238 1802 fimi
260 1761 333 1802 mox
358 1741 523 1804 arescentis.
551 1741 623 1804 Nou
648 1743 899 1825 praetermittenda
922 1741 1113 1816 dotationiS,
1130 1741 1256 1805 smilis·

175 1843 303 1903 cationis
315 1844 348 1904 δι’
358 1842 587 1905 frondescentiac
601 1860 741 1924 tempora
759 1846 790 1904 in
807 1843 932 1905 diversis
947 1843 1055 1925 plantis
1071 1852 1134 1905 no'n
1146 1830 1260 1921 eadet'n,

175 1942 402 2024 inquibusdam
421 1944 527 2005 brevia
539 1963 574 2009 ac
587 1943 830 2024 circumscripta,
847 1947 876 2004 in
897 1944 964 2005 aliis
975 1944 1182 2026 protraatota.
1197 1945 1262 2013 Me.-

176 2044 329 2104 morandae
349 2044 439 2106 etiam
457 2043 570 2104 diurnae
583 2025 694 2106 florum
714 2044 927 2107 nonnullorum
944 2045 1163 2126 explicationes
1177 2045 1265 2128 praes·

146 2188 153 2221 ·.
177 2142 285 2204 stirmis
305 2143 389 2204 boris
414 2142 596 2224 exequendae
616 2161 652 2204 ac
676 2142 765 2204 stmul
782 2142 932 2225 quoddam
953 2143 1051 2207 Florae
1075 2140 1264 2259 horologium

25 2896 161 2946 carasteres.
196 2922 201 2931 ·

176 2243 371 2318 exhibentes3
390 2245 421 2304 δι
439 2245 584 2306 matutina
603 2243 774 2306 soliorum
768 2264 797 2306 tn
815 2236 922 2325 plantis
932 2232 1262 2331 quibusdamexpausio
1282 2262 1287 2269 '

178 2345 268 2426 quam
293 2345 463 2434 vespertina
487 2344 683 2427 consequitur
706 2347 874 2408 contradio
896 2347 1031 2409 somnum
1057 2347 1219 2426 simulans3
1233 2349 1262 2413 δι

179 2432 390 2528 quarumdam
383 2465 413 2506 m
421 2446 488 2507 aliis
501 2447 632 2527 partium
644 2448 829 2508 irritabilitas
838 2448 1034 2509 ulterioribus
1049 2396 1285 2535 experimentis¹

179 2547 347 2608 illustranda
360 2566 396 2609 ac
415 2547 649 2641 comprobanda
663 2548 720 2609 Eas
735 2564 834 2612 tamen
850 2568 912 2610 non
926 2547 1025 2610 ultrb
1018 2565 1104 2629 quvar
1118 2566 1216 2632 partes
1229 2558 1276 2613 ari*

179 2648 343 2710 sunsliones
363 2649 487 2712 minoris
503 2664 584 2712 norae
603 2649 660 2711 &'
651 2667 683 2709 m
699 2650 753 2714 usu
772 2651 915 2714 botanico
930 2651 1037 2731 partim
1057 2653 1178 2769 omissas
1190 2660 1263 2739 truttc'¹

179 2748 335 2810 evolvere

218 2848 263 2910 Ett
282 2851 487 2930 praenuntiatis
501 2850 631 2931 partium
650 2848 827 2912 differentiis
839 2847 990 2933 plerisque
1008 2853 1264 2920 exterioribusde·

178 2951 329 3013 ducuntur
351 2951 430 3033 signa
455 2950 677 3015 dislinslionum
698 2942 850 3015 exteriora
872 2950 1016 3033 quidem,
1041 2954 1090 3016 sed
1117 2956 1263 3021 interimit

135 3068 139 3088 ¹
180 3052 332 3114 slrublurae
353 3054 476 3116 modum
496 3055 713 3136 exprimentia,
734 3074 802 3136 quae
821 3061 976 3113 canuerunt
994 3057 1119 3119 nomine
1141 3044 1263 3147 impotes·

180 3168 268 3222 cunr,
289 3170 347 3232 pro
367 3154 458 3214 certis
479 3153 614 3216 habenda
637 3152 849 3232 Vegetantium
870 3152 1278 3249 organisationisfftborum'

179 3253 251 3316 ideb
267 3267 380 3313 naturae
397 3252 522 3314 indiciis.
540 3252 713 3316 Caradleres
730 3267 851 3328 autem,
872 3254 939 3314 veri
959 3253 1196 3337 disquisttionum
1210 3254 1283 3321 bo·''

180 3354 349 3429 tanicarum
367 3350 463 3422 lines,
486 3352 593 3433 plantis
616 3352 819 3433 dignoscendis
840 3373 874 3416 ac
895 3353 1071 3418 definiendis
1093 3350 1276 3431 necessarii}

182 3450 397 3535 distinguuntur
416 3452 534 3524 tatione
551 3454 667 3514 numeri
685 3453 718 3516 &
732 3453 903 3536 praestantiae
924 3455 954 3516 δι
976 3470 1089 3519 mutuae
1108 3457 1283 3523 affinitatis&-

181 3555 284 3617 Primo
304 3551 423 3637 quidem
447 3551 645 3634 simplicissimi
669 3540 832 3615 caradetes
855 3553 988 3617 seorsltm
1017 3558 1139 3638 expensi
1160 3561 1288 3630 coeunt,

183 3655 215 3715 in
237 3654 417 3737 composttos
435 3672 472 3716 ex
486 3654 633 3736 aliquibus
651 3654 736 3717 stmul
755 3655 881 3735 junslis,
900 3675 951 3720 aut
971 3659 1048 3721 ultrb
1069 3659 1099 3721 in
1120 3652 1285 3742 gene'ral'¹

182 3774 219 3816 ex
234 3754 406 3833 compositis
426 3751 540 3830 fastos,
558 3771 610 3819 aut
633 3753 754 3818 demum
771 3757 804 3819 in
823 3759 1025 3822 universalem
1047 3766 1157 3824 omnes
1174 3758 1277 3845 Veges-

182 3845 274 3932 tantis
293 3868 391 3930 partes
414 3854 447 3916 δι
464 3855 576 3918 modos
586 3856 830 3939 compleslentem
842 3905 851 3934 ‚
862 3880 925 3942 quo
944 3860 1136 3924 constituitur
1154 3863 1246 3926 habi=
1275 3881 1282 3903 ’-

183 3954 341 4036 unicuique
354 3955 461 4035 plantae
470 3958 610 4041 proprius
622 3959 654 4022 dc
666 3959 847 4042 consequens
868 3962 1000 4042 ejusdem
1015 3979 1131 4045 natura
1141 3962 1284 4049 extersi!

989 4063 999 4091 Ι
