2580 4470
1100 240 1174 296 XXV

78 355 160 417 alteri
182 357 305 418 nomini
326 357 488 418 conforme
505 371 555 418 aut
570 357 808 438 comparativum
826 385 850 422 a.
871 361 992 423 Nomen
1007 360 1175 444 specificum
1194 386 1197 395 ·

78 451 113 517 dt
125 458 243 539 pariter
259 455 385 537 simplex
403 475 439 517 ac
455 455 562 526 facile,
583 456 631 517 sed
653 461 795 538 ptaeteted
816 459 1005 540 significans,
1026 464 1175 544 praecipue

78 554 295 617 desumendum
319 575 359 617 ex
377 555 475 617 solido
493 556 640 618 caraiiere
657 557 781 637 speciem
801 557 818 618 ὲ
842 562 1058 640 congenetibus
1076 562 1175 622 dillin-

78 673 194 736 guente
207 657 241 718 er
256 672 330 718 tunc
356 656 431 717 vere
440 656 591 738 specificam
606 656 619 698 ⁶
633 703 643 732 ,
658 674 761 719 auten
781 656 936 722 deficienie
954 661 1072 721 interim
1086 660 1178 723 unde·

80 755 206 836 quaque
221 756 421 828 eliciendum,
438 757 545 838 nempe
564 777 603 820 ex
621 757 706 828 solo,
723 761 861 839 regione,
880 761 1069 842 tempestate,
1088 761 1177 823 dura-

83 857 620 949 tione,colore,sapote,odore‚ulu
630 861 784 934 &c.,tunc
792 861 920 923 deterius
928 859 1176 922 trivialediduw.

115 956 294 1040 Descriptio
319 960 371 1021 vel
402 959 444 1021 est
475 961 606 1042 partialis
637 964 686 1023 vel
717 962 895 1026 universalis
923 984 931 1022 τ
956 964 1020 1025 baec
1049 963 1173 1043 propria

78 1057 302 1141 Monographis
312 1061 432 1122 unicam
448 1061 578 1141 plantam
589 1050 824 1129 describentibus
836 1080 888 1126 aut
899 1063 1170 1146 peregrinatoribus

78 1159 112 1222 de
124 1162 301 1241 vegetantis
316 1161 456 1223 haetenus
474 1163 619 1242 incogniti
641 1183 748 1242 genere
771 1165 914 1239 incertis,
931 1165 1057 1245 singulas
1068 1165 1169 1226 nomi-

78 1262 168 1323 natim
179 1262 320 1324 recenset
336 1277 436 1343 partes
456 1263 562 1325 ordine
575 1263 717 1325 uniformi
733 1265 793 1345 (ne
803 1265 942 1348 'quaedam
954 1266 1170 1347 omittantur),

78 1361 185 1444 nempe
205 1364 360 1436 radicem,
381 1364 516 1438 caulem,
533 1361 630 1438 solia,
656 1365 926 1442 inflorescentiant,
950 1367 1093 1442 calicem,
1111 1385 1170 1427 co-

78 1464 208 1537 rollam,
231 1465 377 1540 stamina,
401 1465 567 1546 pistillum,
593 1464 719 1531 studium
741 1468 772 1530 δι
792 1469 921 1543 semina,
939 1470 1047 1549 easque
1066 1484 1172 1529 omnes

78 1563 198 1626 titione
213 1564 399 1640 exilientiae,
416 1565 504 1640 sniis,
526 1567 667 1637 numeri,
685 1569 903 1644 connexionis,
921 1569 1026 1649 ligurae
1045 1568 1075 1629 δι
1095 1589 1169 1651 pro-

80 1664 255 1742 portionis,
271 1665 381 1727 additis
399 1667 518 1747 insuper
540 1668 666 1742 habitu,
688 1668 805 1747 patriai,
824 1669 911 1743 solo,
930 1669 1092 1729 vernaculo
1110 1687 1171 1729 no-

83 1765 166 1825 mine
186 1765 219 1823 u
239 1765 298 1827 usu.
322 1766 498 1848 Descriptio
517 1769 650 1846 partialis
669 1768 806 1829 usitatior
824 1767 916 1828 altera
935 1767 1107 1846 genericos,
1129 1767 1174 1826 al·

86 1879 150 1926 tera
168 1865 323 1946 specificos
346 1868 476 1930 delineat
494 1869 654 1931 caraileres
670 1869 776 1931 eodem
792 1867 913 1942 ordine,
932 1885 1010 1928 nunc
1025 1866 1174 1946 prolixior

84 1965 115 2027 iu
135 1967 386 2030 dissmationibus
403 1969 435 2028 &
451 1934 683 2051 phytographid
693 1969 832 2052 partiali,
851 1988 930 2030 nunc
956 1970 987 2028 in
1010 1966 1173 2037 universali
1194 2032 1200 2047 Ι

85 2067 265 2129 toneaffior
276 2068 422 2130 dissimilia
440 2070 555 2131 tantum
574 2069 728 2151 proferens
744 2071 825 2150 signa
842 2071 990 2150 praecipua
1003 2114 1012 2142 ‚
1027 2069 1146 2150 qualis'
1138 2087 1172 2130 ιιι

81 2169 235 2249 nuperiori
258 2168 422 2231 Linnaeano
445 2169 602 2250 systemate
621 2171 747 2232 habetur
762 2188 905 2251 generum
926 2169 1115 2231 adumbratio
1136 2166 1171 2230 dc

79 2270 276 2352 descriptoria
296 2271 408 2352 phrasis
423 2265 563 2353 specifico
580 2273 694 2332 nomini
704 2270 832 2350 'adjeda
848 2269 899 2331 Eae
918 2286 1016 2331 autem
1030 2287 1171 2350 compen·

78 2370 168 2435 diosae
179 2373 402 2434 Botanicorum
418 2372 630 2465 descriptiones
642 2372 718 2454 saepe
736 2387 860 2452 peccant
871 2391 970 2452 pravo
984 2371 1166 2433 caracterem

81 2472 207 2549 deleslu,
230 2473 427 2535 essentialium
447 2475 622 2547 omissione,
643 2472 889 2552 comparabilium
908 2470 1042 2541 defeilu,
1061 2471 1171 2532 indica-

82 2571 158 2635 tione
176 2593 244 2636 non
264 2573 443 2649 sufficienti,
464 2595 537 2656 quas
551 2575 641 2655 igitur
653 2573 762 2635 iterum
783 2589 873 2652 atque
888 2570 996 2633 iteritm
1016 2571 1171 2632 reconcin⁴

83 2692 149 2737 ure
168 2693 252 2757 opus
271 2676 324 2737 eli.
342 2677 399 2736 His
421 2677 601 2755 subjicienda
622 2674 688 2735 sunt
706 2693 769 2735 non
788 2672 847 2734 stne
867 2673 1071 2734 emolumento
1085 2672 1173 2754 syna·

84 2796 159 2857 eyn
168 2778 221 2841 seu
232 2775 354 2838 diversa
369 2780 489 2840 nomina
504 2779 542 2838 ab
553 2776 720 2837 Autoribus
731 2773 881 2856 precipue
891 2772 1040 2855 primariis
1051 2764 1172 2833 ‘eidem

126 3054 140 3082 ⁶
152 3053 275 3111 Nomina
296 3053 477 3123 comparativa
495 3053 550 3110 alia
565 3049 699 3123 syllabam
712 3050 876 3120 premittunt
896 3091 907 3116 ,
935 3066 965 3106 ut
983 3045 1165 3126 Linagrostr's,

94 3142 363 3222 Pserdedr'damruts,
387 3145 595 3223 Chamecerafits
616 3142 689 3216 ste,
713 3145 767 3204 alia
788 3143 913 3202 eamdem
931 3142 1118 3221 postponunt,
1139 3158 1170 3200 ut

96 3239 265 3315 Akaides,
298 3242 538 3321 Plenragr'rrella,
563 3242 743 3326 Myrtillris,
774 3240 943 3312 Salicarr'a,
973 3239 1152 3319 Alfinastrum
1164 3291 1175 3317 ‚

99 3334 206 3416 Juncago
224 3337 275 3398 fre.

131 3426 194 3493 ‘Ut
210 3439 336 3495 surnaria
356 3435 502 3512 vestcaria,
521 3436 644 3492 fumaria
664 3434 772 3510 bulbofia
784 3442 801 3504 ,'
816 3435 915 3507 Pyrola
935 3431 1085 3490 umbellam
1097 3470 1107 3494 ,
1117 3430 1172 3499 Py·

104 3528 290 3612 lulauniflora,
312 3532 457 3591 Hordeum
480 3528 638 3605 dissichum,
658 3531 800 3588 Hordeum
827 3528 1018 3604 hexasticham.

135 3632 189 3685 ‘Ut
202 3633 338 3689 Veronica
355 3627 496 3704 arnensis,
522 3629 672 3700 Eryngium
688 3627 869 3699 maritimum,
883 3629 985 3685 Circaea
998 3622 1169 3698 Lutetiam,

78 3786 80 3793 ¹
111 3722 233 3785 [ruceium
252 3748 387 3796 remum,
408 3730 457 3783 Ira
478 3747 591 3794 annua,
614 3727 735 3782 lamium
757 3724 848 3781 album
871 3771 879 3794 ,
901 3717 1015 3778 Mentha
1035 3721 1168 3793 piperite‚

109 3818 173 3876 lliola
189 3826 324 3891 odorata,
355 3817 482 3879 Auchusa
506 3820 670 3898 officinalis,
702 3824 823 3878 Saturc't'a
849 3811 1000 3891 horrenfis,
1022 3819 1169 3889 Myagrum

109 3907 220 3984 snitum,
240 3919 380 3978 Pastinaca
398 3918 530 3977 oleracee.

104 4040 107 4045 ·
140 4004 150 4041 ἀ
168 4013 217 4088 Qui
235 4019 261 4075 in
275 4021 409 4078 Autotum
427 4016 579 4090 prelatione
592 4018 739 4088 precipuos
752 4029 798 4071 aut
811 4010 888 4071 utiles
901 4010 1034 4086 quoslibet
1047 4002 1171 4066 conscius
1215 4004 1221 4021 “
