2580 4470
950 166 1034 258 xxiij
1113 178 1117 185 ’

10 319 149 391 lituens,
171 321 241 382 huic
265 337 362 383 tamen
383 322 600 403 promovende
621 321 782 402 plurimisos
804 321 947 394 confert,
966 325 1038 388 ideo

15 422 207 502 aspernanda
223 423 272 484 sed
291 424 470 486 elaboranda
489 425 676 494 accuratilss,
689 440 722 485 nt
742 421 872 485 faciliori
887 424 1039 490 locutione

14 522 172 583 unsliores
188 521 325 584 Boranici
340 524 443 584 mutui
462 525 630 605 promptilss
641 524 813 585 erudiantur
825 523 1040 587 observatione
1087 601 1095 616 .

11 623 217 699 meditatione.
241 623 324 684 Nihil
347 624 418 687 utile
430 644 469 686 ex
483 626 629 688 Veterum
653 627 768 708 scriptis
785 626 968 700 eruendum,
986 629 1038 710 qni

22 739 103 803 aptas
119 723 230 804 saepilrs
241 726 454 808 descriptiones
465 747 518 790 nec
529 725 649 790 nomina
658 728 853 789 immutabilia
866 727 1038 809 protulere,

10 820 69 883 nde
91 812 318 904 plures'hotum
335 825 444 906 planrae
463 828 494 910 in
513 827 568 891 usu
585 828 703 890 medico
725 843 852 907 receprae
871 846 950 888 nunc
969 829 1037 888 nul·

10 923 61 984 nias
85 923 276 985 innotescunt
295 925 408 988 defectu
426 945 572 990 accurarae
594 928 807 1009 descriptionis.
834 927 893 987 His
920 915 1043 989 succes-³

27 1023 92 1084 viri
104 1025 138 1084 in
159 1044 192 1087 re
205 1026 344 1086 botanical
365 1028 543 1106 peritiores,
566 1028 616 1090 sed
630 1028 762 1090 nondism
780 1027 869 1090 certis
885 1026 964 1088 circa
981 1034 1039 1088 no·

10 1123 180 1187 clationem
195 1126 353 1206 principiis·
363 1127 458 1188 innixi
472 1128 504 1191 dc
514 1129 545 1189 in
564 1127 764 1191 describendis
776 1127 888 1208 'plantis
903 1130 1041 1194 contiac-

10 1245 37 1287 ες
55 1242 110 1287 aut
132 1226 230 1288 diffusi
253 1227 366 1300 nimis,
388 1229 518 1290 medium
539 1245 641 1292 tenere
661 1227 759 1291 nescii.
776 1226 842 1289 Nec
860 1228 882 1288 ii
898 1226 1040 1309 prosudr'e

10 1327 91 1402 triae,
103 1328 158 1408 qui
176 1326 372 1407 descriptione
390 1329 558 1392 &nomine
574 1326 835 1412 fimulconjunslis
853 1318 968 1411 plancas
986 1328 1038 1391 de·

10 1427 97 1487 abant
115 1426 293 1489 delinitione
315 1429 438 1509 phrasim
465 1429 605 1512 integram
623 1431 817 1513 adaequante,
837 1449 905 1512 quae
927 1426 1037 1512 speciei

10 1528 137 1590 iinandae
151 1528 317 1610 prolixior,
339 1530 541 1592 describendae
554 1533 650 1613 impar
670 1533 792 1594 evadit:
810 1534 879 1594 inde
898 1530 1039 1595 mendosa

10 1628 143 1690 cedentis
164 1626 255 1692 seculi
281 1630 483 1692 nomenclatio
511 1631 766 1697 aToumefortio
787 1640 801 1668 ⁴
822 1632 939 1693 admissa
960 1652 1037 1713 pro-

10 1729 95 1790 lienri
111 1728 244 1793 scienriae
265 1751 384 1793 moram
404 1732 591 1814 interposuit.
609 1733 691 1794 Huic
710 1731 785 1794 vere
804 1733 962 1793 maximam
973 1731 1041 1792 rulit

48 1831 284 1908 linnaeus,di1m
296 1833 401 1895 solutis
413 1832 562 1914 phrafium
574 1833 779 1894 botanicarum
789 1831 916 1894 vinculis
926 1832 1039 1912 plantas

10 1951 54 1995 ter
66 1933 179 2016 duplici
196 1935 309 1997 rantiun
325 1933 469 2014 inscripfit
484 1935 621 2009 nornine,
637 1933 732 1996 altero
751 1934 894 2015 generico
911 1931 1036 1993 subslan·

10 2054 33 2108 t,
48 2034 146 2096 altero
162 2035 310 2114 adjesiivo
326 2035 377 2098 seu
392 2035 551 2118 specifico,
563 2035 725 2096 caracieres
737 2033 882 2114 praetered
893 2033 1038 2119 exhibens

10 2133 196 2216 escriprione
220 2137 398 2217 adaequarai,
418 2137 520 2217 verbis
547 2136 801 2218 significantibus,
821 2135 911 2196 multa
934 2135 1038 2214 paucis

10 2236 115 2298 tmons
134 2235 203 2297 silio
223 2237 371 2299 technico.
396 2236 524 2318 Regulas
550 2238 671 2319 insuper
695 2252 758 2298 tum
785 2235 1036 2297 nomenclationis

25 2337 241 2417 descriptionis
260 2338 407 2409 tradidit,
427 2338 583 2420 plerasque
602 2339 734 2420 optimas
754 2334 786 2400 δι’
803 2337 965 2417 generatim
985 2336 1035 2397 ‘ad-

10 2437 101 2501 mdas
113 2481 126 2508 ,
154 2436 294 2525 quasdam
316 2438 395 2500 forte
422 2440 614 2501 infirmandas
629 2437 641 2478 ὸ
657 2439 690 2500 &
709 2439 823 2520 ipstmet
840 2436 901 2498 non
922 2438 1029 2500 sacras.

10 2536 142 2618 sapienti
166 2538 255 2617 hujus
278 2540 412 2602 instituto
432 2560 542 2602 nomen
563 2542 711 2622 genoricum
731 2539 789 2602 esse
811 2538 899 2600 debet
921 2539 1033 2600 immu-

10 2822 61 2881 me
75 2839 173 2882 tamen
191 2825 440 2886 nomenclationem
453 2822 656 2885 emendandam
668 2823 807 2899 indicant,
820 2822 949 2889 aichario
959 2818 1031 2895 lsag.

10 2926 65 2989 ‚cp
77 2926 114 2990 64
127 2941 135 2975 ε
150 2919 275 2978 Nomina
290 2916 351 2978 sunt
366 2921 490 2992 quodam
507 2920 591 2979 veluti
605 2917 797 2985 definitiones,
816 2936 929 2989 quatum
943 2918 1030 2987 prima

20 3028 115 3085 gum,
127 3032 229 3073 caeterae
245 3011 428 3075 differentiam
447 3017 638 3088 exprimunt..
652 3059 660 3072 .
672 3014 795 3072 Nomina
809 3011 861 3071 sint
877 3010 988 3070 brevia.
999 3051 1028 3068 ..

10 3106 77 3167 mla
88 3109 238 3180 prolixiora
251 3114 296 3170 vix
312 3131 367 3171 nno
380 3110 474 3185 spiritu
490 3109 613 3170 sustineri
628 3107 756 3183 possunt.
772 3107 889 3170 ..Aliud
901 3106 941 3167 est
951 3107 1029 3180 plan·

12 3206 146 3277 amellare
157 3251 168 3275 ,
180 3206 256 3266 aliud
267 3204 433 3267 describere.

13 3301 53 3350 Sic
71 3303 206 3350 vnrnlntla
227 3326 260 3350 or
280 3324 369 3350 ornem
389 3313 413 3350 sir
434 3305 520 3350 lorino
539 3302 617 3350 sonno
636 3324 691 3350 nnn
712 3301 825 3350 eletio&
847 3322 918 3350 nnnc
938 3295 1027 3350 oasam
