2580 4470
220 368 908 490 tuinouuorto

52 632 130 709 ru
170 594 576 706 u-tsrourniu
617 617 1092 704 Pilumnum.-

18 820 265 945 Ηιετὸιιιὲ
288 865 434 942 naturalis
458 861 584 943 nomine
608 860 776 960 designatur·
790 842 919 941 'scientia
942 850 1010 959 oue
1028 876 1110 939 Ani-

20 982 190 1059 mrum,
218 980 437 1061 vegetandum
461 978 495 1042 &
514 969 709 1044 Mineralium
738 995 875 1043 naturam
903 978 1048 1042 scrutatur
1077 978 1110 1041 δι

17 1084 142 1147 reolvit.
154 1080 236 1145 Haec
250 1080 312 1144 late
325 1100 451 1164 putens,
468 1081 520 1145 se'u
533 1087 668 1165 corpora
681 1072 793 1163 lingula
806 1080 940 1143 seorsum
952 1079 1110 1163 exploret,

15 1164 59 1247 iau
67 1183 160 1245 fimul
172 1184 281 1245 omnia
293 1184 528 1265 comperiatur,
542 1179 643 1246 nullos
659 1183 716 1244 fibi
736 1182 838 1244 certos
857 1180 1010 1244 coustituit
1025 1181 1112 1257 lines.

15 1268 141 1347 Ceteris
164 1282 253 1347 arete
269 1278 428 1363 conjuncta
446 1280 604 1357 scientiis,
626 1275 720 1346 modo
743 1282 889 1365 praemilss
908 1280 1003 1346 falcem
1024 1282 1109 1345 haeli·

13 1384 143 1451 'nutibus
155 1385 305 1469 praefetr‚
323 1372 417 1447 modo
434 1387 634 1473 praeeuntium
650 1402 803 1449 mutuatur
815 1406 907 1468 opem
922 1385 982 1467 qui
1000 1402 1110 1465 graves

10 1476 114 1554 utilius
145 1488 289 1570 suscipiat
315 1479 534 1569 disquisttiones
558 1487 591 1549 δι
616 1486 733 1550 feliciirs
753 1487 902 1550 absolvat.
926 1487 1111 1569 Multiplices

10 1596 181 1675 corporum
192 1588 325 1665 formas,
342 1589 487 1670 insignem
504 1590 536 1649 in
552 1589 694 1651 omnibus
707 1580 926 1651 elementorum
944 1590 1110 1653 connexio·

10 1706 79 1757 lsem
87 1708 143 1756 aut
152 1696 342 1773 organorum
352 1677 512 1774 perpendit
521 1705 684 1764 texturam,
696 1688 729 1749 &
740 1690 873 1751 diversas
884 1691 999 1752 telluris
1012 1702 1110 1767 areas,

10 1790 158 1855 llivetlos
174 1790 290 1854 emensa
308 1792 437 1867 narius,
457 1778 641 1872 peculiarem
661 1789 775 1870 ubique
792 1806 903 1871 typum
926 1808 961 1852 ac
982 1790 1112 1871 genesim

12 1890 166 1975 ngttoscit.
178 1890 369 1955 Concordem
386 1892 418 1952 in
432 1883 552 1973 singuiis
566 1880 720 1970 speciebus
730 1888 815 1951 velut
825 1891 857 1951 in
870 1891 946 1953 orbe
956 1892 1112 1955 contrsllo

13 1992 144 2056 missust
164 1994 295 2075 patrium
316 1991 487 2055 struiluram
509 1991 542 2052 δι
565 1994 648 2052 vires
669 1990 767 2054 amice
787 1991 1014 2074 conspirantes;
1041 1990 1110 2055 delo
1132 2032 1137 2043 ·

12 2092 173 2159 audaciori
190 2092 258 2155 nisu
273 2092 334 2156 lese
351 2092 507 2169 attollenS,
524 2086 647 2172 globum
665 2080 761 2173 ipsum
777 2110 866 2155 terrae
880 2092 1026 2176 prospicit
1038 2098 1109 2159 uni·

10 2194 236 2272 velumcujus
246 2193 440 2258 tumdiurnae
460 2212 625 2275 annuaeque
634 2170 869 2275 'converstonen
880 2212 945 2263 tum
955 2191 1109 2281 periodica

10 2298 216 2383 phaenomena
235 2296 413 2379 aequabilem
436 2297 549 2377 ubique
567 2291 740 2357 consensum
761 2292 931 2361 &unicam
951 2302 1016 2363 vim
1040 2323 1109 2369 mo-

10 2398 118 2463 rricem
138 2394 256 2460 aeterni
277 2397 382 2458 summi
402 2390 545 2459 Numinis
564 2396 629 2478 lege
647 2372 830 2461 mod‘et'atam
847 2417 984 2480 arguunt.
1003 2386 1108 2468 Nimi-

10 2500 80 2567 rum
100 2501 199 2562 variae
223 2519 390 2581 corporum
408 2508 509 2582 partes
528 2497 560 2559 δι
576 2500 679 2560 omnia
698 2493 729 2560 in
750 2502 825 2562 orbe
845 2508 977 2582 corpora
998 2500 1108 2569 indest-

10 2602 94 2667 mti
106 2610 242 2683 aguntur
253 2602 373 2665 interno
385 2618 480 2664 motu.
492 2588 683 2691 Minotalium
694 2601 806 2693 agitant
816 2603 927 2666 molem
943 2623 1107 2687 perpetuus

13 2700 239 2767 elementorum
258 2695 393 2763 affinium
406 2707 457 2763 aur
470 2694 691 2762 advetlanliu'm
705 2695 860 2763 conlliklus
878 2698 910 2763 &
926 2703 1108 2769 consociaris

16 2804 181 2867 mixtorum
191 2819 331 2866 veterum
343 2802 456 2864 solutio
470 2815 685 2883 novorumque
698 2804 929 2885 coagmentatio.
938 2804 1108 2871 Innumerae

17 2920 88 2987 qua
99 2922 209 2967 terram
226 2905 399 2968 inexhausta
414 2905 563 2967 varietate
580 2903 762 2984 distinguunt
782 2904 917 2980 Plantae,
937 2900 1062 2971 divetiis
1075 2911 1107 2973 in

20 3008 209 3087 vegetatione
219 3006 341 3069 vicibus
358 2994 523 3076 obnoxiae,
535 3004 696 3087 quotannis
714 3003 909 3067 renascuntur
928 3023 979 3070 aut
995 3027 1106 3073 novam
1215 3072 1218 3077 .

21 3096 496 3170 inlmmfronuem.conumi1es
514 3100 546 3167 in
562 3102 635 3169 vitae
646 3104 768 3169 decursu
782 3103 949 3170 funfflones
967 3120 1108 3173 exercent

23 3204 188 3280 Animalia,
205 3207 238 3270 ἃ
259 3206 420 3289 reciproco
439 3206 605 3270 solidorum
623 3226 658 3268 ac
678 3204 838 3268 fluidorum
855 3208 967 3290 impetu
987 3212 1106 3274 conser-

20 3322 106 3381 vata,
126 3308 293 3369 nutritione
314 3307 420 3369 sensim
438 3307 612 3382 instaurata,
632 3305 792 3368 lucceffivi
811 3307 941 3388 quidam
961 3330 1043 3372 aurae
1059 3311 1103 3370 vi-

16 3406 83 3469 talis
98 3407 298 3470 transfufione
319 3408 490 3470 constanter
504 3425 714 3489 propagantur.

55 3508 138 3590 Quae
160 3526 257 3572 autem
276 3511 308 3570 in
326 3527 387 3571 tam
409 3510 568 3590 multiplici
588 3508 751 3571 formarum
768 3510 800 3570 δι
816 3510 996 3576 fabricarum
1010 3512 1042 3572 δι
1057 3530 1105 3574 ac·

19 3606 136 3671 tionum
157 3609 187 3671 δι
202 3609 342 3671 locorum
358 3610 589 3690 investigatione
606 3611 742 3672 versatur
759 3610 883 3677 scientia
898 3623 1013 3675 naturas
1029 3626 1103 3678 con-

20 3710 203 3791 templatrix,
222 3732 258 3774 ea
281 3730 343 3772 non
363 3713 517 3792 magnilica
539 3712 654 3774 'tantitm
676 3712 725 3774 sed
746 3714 776 3775 sa
799 3713 919 3777 extensa
942 3704 1045 3792 nimis,
1062 3720 1099 3779 ab

21 3810 149 3874 humano
159 3812 281 3894 ingenio
294 3816 387 3876 teneri
403 3815 506 3896 nequit
523 3815 576 3876 nist
595 3817 626 3879 in
641 3809 741 3897 plures
756 3808 957 3877 distribuatur.
968 3816 1099 3898 Natura,

10 3928 80 3975 ¹vox
91 3934 199 3997 anceps
216 3915 328 3996 duplici
344 3915 526 3996 potiffimum
539 3915 623 3978 sensu
641 3917 829 3998 accipienda,
840 3934 919 3977 nunc
930 3922 1100 3997 generalior
1114 3984 1118 3989 ,

26 4016 126 4079 sotium
136 4017 310 4098 congeriem
325 4035 375 4080 aut
386 4016 560 4081 universum
570 4016 685 4081 telluris
695 4015 841 4098 fignificat
855 4018 1008 4099 habitum,
1019 4040 1098 4083 nunc

900 4145 923 4195 2.
