2580 4470
515 201 518 205 ·
651 261 657 274 ,
874 266 877 273 ,
1053 176 1126 260 417

225 317 245 324 ,.
395 313 411 323 .,
595 312 598 317 .
650 312 660 373 ξ
758 312 764 370 Ε
841 310 845 370 ε
949 310 1003 373 Ι

100 447 428 527 PLANTAE
449 444 779 541 INCERTAE
822 440 1028 520 SEDIS

78 645 271 700 uurarnarrs
298 592 429 697 claffiutn
449 626 681 714 precedentium
704 572 883 709 generibus,
910 621 1125 729 quoedamu
1073 586 1125 695 su

78 738 153 800 'sunt
171 736 330 798 ordinibus
349 732 506 813 descriptis
523 740 585 793 no'n
604 728 785 811 adjicienda,
793 731 860 813 ,seu
870 730 959 813 figuo
980 722 1127 827 peculiari

86 838 188 907 iisdem
207 836 280 900 vere
300 835 467 918 discrepent
480 832 583 895 flatura
601 841 758 892 novorum
779 832 922 897 ordinum
938 832 1124 919 primordia,

78 941 199 1003 tminits
219 926 338 1001 nota&
358 928 389 998 in
409 935 494 997 vivis
510 924 647 995 nondirm
665 920 787 995 definita
799 934 947 1016 integrum
962 955 1026 999 non
1037 937 1126 1001 exhi-

78 1041 152 1105 erint
161 1037 335 1102 observanti
348 1035 604 1114 caraueremquo
616 1051 691 1094 vera
707 1033 850 1095 statuatur
863 1035 972 1099 horum
983 1037 1123 1103 affinitusr

78 1156 128 1205 rea
138 1139 246 1202 dantur
257 1137 377 1223 penitbs
393 1134 544 1216 perspecta
555 1133 587 1193 δι
598 1146 697 1195 tamen
706 1135 939 1213 nonordinata,
953 1147 986 1200 ut
994 1131 1120 1217 Petraea,

78 1235 463 1317 ibe,Badtda,Monniera‚
473 1228 1124 1320 Roridula‘,Sauvatgesia,iidonotropa,Sard

78 1345 147 1408 ¹ertia
158 1389 168 1419 ‚
178 1326 513 1419 Anavinga,Samyda,
525 1324 686 1413 Coriar'ia,
703 1324 878 1415 Fundanus,
894 1337 1024 1418 Begonia
1034 1376 1047 1410 ,
1059 1337 1123 1403 Da⁴

78 1466 103 1508 a
117 1446 176 1507 &c
188 1443 318 1526 ,quibus
332 1439 453 1522 insuper
470 1440 616 1503 accedunt
627 1439 772 1503 nonnulla
791 1439 962 1500 dubitanter
974 1440 1035 1520 jam
1049 1441 1126 1521 praa-

78 1545 120 1608 ffis
137 1542 323 1613 ordinibus
315 1562 348 1603 rn
368 1541 450 1604 calce
466 1540 604 1604 seorsiun
616 1530 739 1614 addita,
754 1532 897 1603 suadente
913 1540 1041 1621 quidam
1056 1553 1125 1606 cum

78 1649 98 1707 is
115 1642 305 1747 coffinone.
315 1643 403 1706 Plura
409 1644 492 1704 dunc
504 1642 643 1722 ambigua
656 1633 765 1724 utpote
777 1642 884 1723 paritm
897 1644 1035 1722 cognita,
1046 1646 1127 1725 post

78 1767 129 1808 m
138 1718 386 1809 admtffosforsan
396 1741 743 1820 diffundenturordtnes
753 1742 893 1805 ulteriori
902 1763 1039 1808 examine
1048 1747 1127 1807 illus

77 1866 117 1910 ta.
130 1847 197 1909 Has
206 1863 307 1907 tamen
322 1860 444 1920 omnes,
459 1841 558 1904 licetd
573 1844 691 1905 caeteris
708 1843 917 1908 diverfiffimas
929 1863 981 1909 aut
992 1840 1126 1928 designa

78 1965 117 2007 ne
126 1946 255 2006 incertas
264 1987 277 2014 ,
288 1961 350 2005 non
363 1941 455 2005 ideo
445 1957 534 2022 Juvat
543 1941 659 2024 plantas
666 1946 897 2026 pratermittere
905 1947 1126 2011 donecrediiitd

78 2036 218 2106 totu'erint
237 2042 393 2105 ordinibus
413 2056 486 2102 tunc
502 2040 570 2120 jure
589 2043 786 2123 cooptandae,
803 2040 851 2104 sed
872 2043 990 2109 easdem
1009 2048 1047 2108 in·
1061 2062 1126 2109 tne-

78 2145 154 2206 ›dicd
169 2144 380 2207 distributione
396 2136 548 2206 terminali
564 2153 752 2226 componere
768 2155 973 2228 opportunum
984 2151 1126 2230 videtur,

78 2246 91 2307 a
114 2245 233 2309 sacrior
254 2246 363 2310 evadat
385 2247 495 2309 narum.
517 2245 692 2329 disquisitio.
711 2248 755 2311 aa
772 2249 852 2311 enm
867 2234 912 2311 'est
927 2230 1124 2332 synedrium

78 2345 163 2423 litas,
180 2367 243 2411 non
258 2363 294 2410 ut
309 2348 455 2431 quaerenti
472 2346 659 2412 manifestent
673 2350 842 2432 plantarum
860 2368 997 2416 naturam
1014 2355 1063 2419 se'u
1075 2357 1123 2420 in·-

78 2469 142 2521 ‚ram
156 2444 426 2532 organisationem,
440 2449 491 2513 sed
502 2464 537 2512 ut
548 2449 639 2514 citiirs'
651 2451 689 2512 iis
702 2451 881 2530 juvantibus
896 2453 1006 2543 planiae
1017 2461 1124 2538 paucio

78 2554 226 2617 abietibus
243 2553 398 2634 defignatae
413 2553 445 2614 in
461 2552 562 2615 iudice
575 2553 752 2617 methodico
771 2555 983 2636 reperiantur,
999 2561 1123 2622 nomine

78 2658 155 2736 >prio
174 2674 248 2717 mox
266 2652 459 2734 appellandae.
477 2653 587 2713 Manca
604 2652 726 2734 quidem
739 2671 776 2714 ac
791 2654 1019 2735 circumscripta
1035 2661 1125 2719 nimie

78 2757 149 2819 ntia
169 2756 208 2817 iis
226 2755 345 2830 innixa,
360 2751 411 2815 sed
427 2752 497 2815 ideo
512 2751 650 2828 facilior,
668 2753 833 2832 tyronibus
849 2756 1022 2834 acceptior,
1038 2757 1070 2816 δι
1083 2758 1127 2817 li-

78 2864 135 2920 tter
151 2854 335 2918 admittenda
354 2853 387 2914 in
403 2871 548 2934 generum
566 2851 761 2913 ordinatione
778 2869 910 2932 quorum
925 2847 1053 2916 affinitas
1071 2870 1124 2919 oc'-·

78 2965 158 3020 tatur
172 2973 223 3018 aut
239 2950 423 3036 incomperti
442 2969 562 3025 manent
580 2952 725 3035 praecipui
741 2946 914 3017 carasieresr
925 2948 1123 3022 Methodicos

78 3074 107 3121 er
122 3059 236 3120 indices
255 3059 282 3119 is
301 3071 364 3139 prae
383 3054 501 3117 caeteris
516 3053 671 3134 eligendus
687 3053 740 3135 qui
761 3067 899 3115 naturam
916 3057 1042 3139 propius
1056 3052 1122 3123 coia

78 3177 113 3223 at
134 3178 227 3222 veros
249 3158 347 3218 minis
370 3155 536 3219 disturbans
555 3155 698 3229 ordines,
721 3153 754 3214 dc
775 3152 845 3217 inde
863 3154 1123 3223 Tournefortiana

78 3261 190 3322 rhodus
209 3259 362 3340 systemati
378 3257 525 3339 praevalet
541 3258 704 3319 Linnaeano
720 3255 793 3339 licet
811 3259 1000 3320 accuratiori.
1015 3260 1072 3322 Sed
1084 3279 1124 3324 ert

78 3356 202 3424 eruatis
212 3374 241 3440 p.
254 3379 290 3439 93
303 3401 313 3432 ,
327 3357 431 3420 eadem
450 3359 482 3417 in
502 3356 652 3437 primariis
667 3355 801 3419 cladibus
818 3356 944 3418 corollae
963 3359 1122 3437 praesentiai

83 3461 247 3545 partitione
276 3458 407 3520 definitis
432 3459 548 3540 optima
562 3478 580 3534 ·,
599 3457 719 3519 aberrat
738 3457 802 3520 tirm
827 3457 860 3518 in
885 3456 1067 3524 secundariis
1085 3478 1125 3527 ex

78 3563 128 3624 mai
150 3559 301 3636 deductis,
316 3560 382 3622 tirtn
400 3561 432 3621 in
453 3560 612 3622 herbarum
637 3556 670 3619 δι
685 3559 831 3620 arborum
855 3557 1043 3627 distinetione
1062 3569 1122 3628 mi·

78 3666 112 3727 ae
133 3664 259 3725 naturali
284 3663 333 3742 (p.
354 3661 452 3744 344),
471 3661 618 3725 sediioues
639 3660 780 3743 quasdam
802 3659 924 3740 posthic
947 3663 1045 3744 aptius
1064 3668 1121 3729 de¹¹

78 3786 146 3830 rans
166 3780 272 3826 mutuo
296 3761 409 3826 fruuus
427 3764 461 3826 &
478 3763 582 3824 calicis
605 3762 670 3824 situ.
694 3761 832 3823 Primarii
853 3759 944 3840 igitur
969 3765 1122 3831 delibandi

79 3887 118 3931 us
130 3861 292 3928 caradietes
302 3862 332 3923 in
344 3862 479 3944 sequenti
489 3860 797 3938 indice,secundariis
806 3858 1012 3941 subrogandus
1022 3862 1123 3946 pistilli

82 3988 118 4043 s,
138 3966 172 4027 δι
191 3963 335 4045 praeterei
351 3964 380 4023 in
394 3963 533 4024 ulteriori
546 3961 696 4024 divisione
708 3958 792 4022 ultrd
805 3959 986 4024 muniendus
999 3983 1045 4026 ex
1051 3965 1124 4042 Lina⁴

78 4086 132 4132 mo
147 4064 307 4146 systemate
318 4061 476 4126 staminum
488 4048 639 4131 nomenis·
885 4131 922 4215 D
940 4131 965 4213 d

796 4396 931 4434 ,ι
1018 4372 1024 4423 '.

1205 786 1213 843 i
